2714 4696
160 268 184 334 2
600 281 808 333 narsronr.

205 429 262 492 Sic
279 447 340 510 age
356 447 432 492 cum
447 425 606 507 Phaedro,
629 432 669 493 ut
689 423 913 494 Athenienses
937 434 971 491 et
992 427 1139 494 Romani
1160 435 1264 498 terra·

159 551 232 596 rum
247 530 373 594 domini
388 529 543 595 solebant
557 550 655 613 agere
670 551 746 617 cum
761 533 878 609 servis,
901 531 1024 614 quibus
1044 533 1128 597 inter
1146 533 1264 600 Satur·

159 633 253 698 nalia
268 632 394 696 dabant
409 630 557 716 aliquam
571 632 708 698 ludendi
734 653 859 713 secum,
882 633 1053 716 epulandi,
1070 636 1263 720 colloquen-

138 774 150 793 ,·
160 734 206 812 di,
229 732 420 817 imperandi
448 737 658 817 potestatem.
703 733 827 818 Neque
854 754 947 812 vero,
979 753 1173 819 quanquam
1202 737 1262 815 ille

161 844 215 905 est
244 837 448 903 Fabularum
474 837 609 915 artifex,
637 837 781 903 habebis
806 839 963 902 comitem
992 837 1160 920 indignum
1184 839 1263 904 Tui.

129 986 136 1009 .
161 941 258 1021 Quot
273 940 361 1004 enim
375 936 482 1004 edidit
496 938 655 1017 Fabulae,
678 943 729 1003 tot
743 946 867 1024 satyrae
885 944 976 1014 sunt,
999 938 1035 1001 in
1057 939 1180 1021 quibus
1205 940 1262 1005 vel

159 1042 375 1107 abstrusioris
405 1040 636 1124 Philosophiae
667 1040 845 1105 utilissima
874 1042 991 1123 capita
1015 1040 1261 1124 jucundissime

159 1144 326 1221 tractavit,
349 1143 403 1207 vel
420 1142 542 1208 callide
558 1141 769 1207 adumbravit
788 1144 898 1207 aetatis
920 1163 991 1207 suae
1007 1144 1262 1226 corruptissima

158 1254 323 1330 tempora,
340 1250 373 1309 et
387 1251 527 1309 conatus
541 1250 604 1321 est,
620 1262 771 1309 sermone
785 1244 908 1308 belluis
923 1245 1092 1321 attributo,
1107 1244 1261 1311 homines

158 1348 347 1414 emendare.
393 1344 599 1412 Provocavit
613 1362 672 1410 eos
696 1345 740 1410 ad
763 1345 874 1428 ipsum
890 1351 1017 1411 naturae
1043 1347 1201 1426 tribunal,
1224 1355 1262 1414 ut

158 1450 248 1534 quod
262 1453 295 1514 in
309 1470 345 1513 se
355 1448 436 1513 mali
451 1454 509 1514 aut
523 1450 605 1513 boni
620 1449 781 1514 nolebant
793 1467 985 1530 agnoscere,
998 1448 1033 1511 id
1046 1448 1169 1513 inieris
1181 1469 1261 1515 con·

160 1551 315 1635 templati
329 1551 480 1633 sugerent
495 1558 554 1615 aut
568 1556 733 1633 optarent.
778 1549 869 1616 Nam
885 1551 961 1633 quis
977 1551 1012 1613 in
1032 1570 1126 1630 caue,
1140 1549 1260 1632 fidem;

157 1653 191 1716 in
207 1672 306 1735 agno,
322 1653 518 1731 lenitatem
540 1652 574 1714 in
589 1652 739 1729 formica,
755 1650 884 1715 laboris
908 1650 1146 1717 assiduitatem
1169 1673 1262 1719 com·

160 1754 310 1819 mendari
325 1753 458 1834 audiat3
473 1772 536 1815 nec
551 1754 585 1816 in
599 1753 733 1817 homine
749 1753 885 1817 damnet
900 1755 1058 1817 continuo
1072 1753 1261 1837 perfidiam,

32 1894 36 1909 ·
56 1916 58 1921 ,
158 1855 397 1933 crudelitatem,
413 1854 605 1937 ignaviaml
651 1854 721 1919 Aut
737 1855 814 1940 quis
830 1860 968 1918 accuset
995 1855 1028 1919 in
1044 1855 1140 1939 lupo,
1162 1876 1261 1941 rapa·

158 1955 308 2038 citatem3
325 1956 433 2032 dolos,
444 1955 481 2018 in
496 1955 614 2039 vulpe3
630 1957 781 2033 inleone,
792 1957 981 2036 saevitiam3
997 1959 1136 2023 nccista
1146 1960 1261 2024 omnia

157 2044 193 2121 iu
208 2076 313 2121 unum
326 2076 420 2141 saepe
435 2057 598 2121 hominem
614 2057 821 2123 confluxisse
837 2058 1053 2140 indignaturi

147 2192 151 2200 ·
201 2157 307 2237 Quod
323 2160 354 2223 si
368 2158 490 2227 referre
506 2159 653 2224 volueris
676 2161 834 2239 animum,
858 2159 1118 2225 Snnnnrssrnn
1141 2161 1262 2228 Paru-

159 2277 262 2338 cEPS,
285 2261 328 2325 ad
344 2261 422 2326 illas
437 2279 547 2325 rerum
566 2262 736 2345 imagines,
760 2281 942 2344 cognosces
967 2267 1075 2326 totam
1098 2263 1140 2326 de
1163 2267 1269 2330 mori-v

157 2361 221 2437 bus
251 2359 475 2444 disciplinam,
507 2369 616 2426 totam
640 2362 777 2427 civilem
808 2363 985 2426 scientiam
1013 2364 1057 2427 iis
1086 2368 1260 2445 contineri,

157 2481 299 2547 quarum
329 2464 433 2531 altera
460 2463 567 2529 vitam
590 2465 695 2529 debet
723 2466 873 2528 omnium
902 2465 1094 2542 informare,
1117 2472 1261 2550 utraque

157 2552 262 2628 tuam.
312 2565 433 2644 Cogita
448 2567 547 2645 enim,
565 2568 691 2650 etipse
709 2576 817 2633 tecum
833 2574 968 2650 reputa,
984 2572 1066 2651 quot
1080 2571 1114 2630 et
1128 2569 1261 2650 quantis

141 2662 339 2729 ‘virtutibus
363 2663 559 2725 instructum
585 2680 663 2724 esse
689 2666 740 2724 'l'e
762 2667 927 2744 oporteat,
949 2669 988 2725 ut
1012 2671 1126 2729 teneas
1146 2664 1261 2749 Regni

158 2763 440 2830 christianissimi
455 2761 601 2839 clavum,
626 2769 663 2826 et
685 2761 841 2826 Parentis
856 2763 906 2827 tui
920 2763 1036 2830 sedem
1048 2771 1143 2831 tanta
1156 2768 1261 2851 eequi-

157 2872 227 2932 tate
248 2865 443 2941 stabilitam,
466 2871 519 2928 tot
533 2866 687 2928 victoriis
703 2863 934 2947 conspicuam,
957 2870 1010 2931 tot
1026 2875 1162 2932 auctam
1173 2868 1261 2934 Pro·

156 2956 290 3035 vinciis.
336 2967 450 3037 Debes
464 2966 515 3030 Te
531 2966 655 3044 Gallie,
676 2985 814 3051 quorum
830 2973 866 3032 ut
880 2986 1028 3034 summus
1046 2973 1101 3034 est
1120 2971 1155 3034 in
1176 2990 1259 3036 suos

157 3069 270 3152 Reges
286 3088 389 3148 amor,
412 3087 544 3133 summa
562 3069 746 3144 veneratio,
769 3068 819 3132 ita
847 3089 1013 3134 summam
1037 3091 1178 3136 necesse
1204 3081 1260 3138 est

155 3190 232 3236 ease
249 3169 384 3252 Regum
400 3170 433 3234 in
451 3170 603 3252 regendis
617 3170 685 3234 illis
700 3171 873 3252 pictatem,
896 3172 1129 3255 integritatem,
1153 3174 1259 3257 aequi·

155 3277 266 3338 tatem.
311 3269 454 3338 Sedebis
468 3270 504 3334 in
526 3271 603 3338 luce
617 3270 777 3355 Europae,
800 3272 833 3335 in
859 3272 964 3338 oculis
988 3274 1168 3339 clarissimi
1190 3273 1260 3339 Im·

156 3374 252 3458 perii,
275 3380 379 3457 atque
399 3373 587 3439 inauribus
616 3374 844 3440 universarum
868 3373 939 3439 lata
962 3377 1105 3455 gentium
1129 3394 1171 3440 ac
1201 3395 1260 3441 na·

156 3474 282 3538 tionum
312 3477 453 3558 positus.
499 3475 689 3540 Intuebitur
714 3476 749 3540 in
772 3475 823 3538 Te
851 3473 1055 3541 incredibilis
1076 3475 1200 3540 civium
1222 3486 1260 3543 et

156 3573 370 3657 populorum,
393 3594 468 3639 cum
483 3576 663 3650 sociorum,
687 3582 758 3638 tum
781 3574 886 3640 etiam
905 3576 1048 3640 hostium
1063 3577 1259 3645 multitudo.

157 3671 369 3739 Convertent
382 3695 420 3741 se
435 3679 512 3741 tuos
533 3673 578 3737 ad
597 3677 698 3740 nutus
714 3673 851 3741 infinitae
867 3677 979 3755 urbes,
1002 3679 1259 3745 innumerabiles

143 3807 144 3810 ¹
156 3773 357 3854 Provinciae,
364 3797 404 3840 ac
418 3777 554 3841 virtutes
566 3795 682 3844 omnes
692 3782 767 3842 tuas
778 3784 934 3862 tanquam
944 3799 990 3844 ex
1004 3780 1098 3845 edito
1110 3781 1260 3864 quodam

155 3872 301 3941 Theatro
323 3879 522 3962 suspicient.

199 3974 345 4043 Accedit
360 3980 401 4044 ad
419 3980 506 4044 hanc
519 3979 757 4060 difficultatem,
769 3981 1258 4062 Sannurssrussssnnrurun,

157 4079 357 4148 sustinenda
379 4082 459 4148 Tibi
485 4083 663 4165 Ludorici,
687 4084 782 4151 bello
807 4091 842 4153 et
863 4106 948 4172 paee
972 4085 1132 4166 Maximi,
1153 4085 1261 4167 tama,
