2730 4688
300 258 455 310 nunnus
481 259 562 309 rsa.
587 258 815 311 naorrsuuu
841 259 914 311 urs.
938 263 988 313 su.
1010 247 1063 314 24.
1171 249 1238 316 656

130 399 269 451 suetudine
297 402 387 465 reteri,
419 416 471 468 qua
502 401 666 453 blandientes
704 403 796 470 positis
814 419 873 471 quae
890 396 1027 459 sumsimus
1042 398 1130 471 armis,
1145 407 1239 461 Gratia

128 475 276 527 ‘Patrem'
307 477 420 541 sdqoem
447 485 493 528 aut
519 476 666 528 ‘Fratrem'
703 480 855 543 commissis,
863 483 992 549 improbe,
1002 493 1080 550 rupta
1092 485 1141 535 luis
1150 484 1166 536 ι’
1177 500 1238 537 nam

129 553 309 618 appellabant,
325 560 394 604 teste
405 555 542 616 Terentio,
554 555 667 606 Horatio
704 557 781 606 aliter
800 560 906 620 gratim
934 574 1082 624 romnpcre
1107 560 1238 627 dicuntur,

129 635 160 680 et
169 629 237 692 aliis,
247 636 277 680 at
287 629 329 680 laic
340 629 427 680 Faber
434 631 568 685 commode
578 632 667 683 obser·
702 634 747 700 qui
759 632 886 686 beneficis
902 634 967 686 dant
978 637 1101 703 maligne,
1112 652 1165 688 uon
1175 638 1239 704 cito,

129 711 185 757 vat·
202 703 284 766 maes.
703 723 754 759 nou
766 723 800 759 ex
812 709 907 772 animo,
921 713 973 761 arc.
993 712 1087 763 senec.
1098 711 1132 762 ds
1143 711 1237 763 Benei.

164 787 197 834 18
213 783 253 834 Νι
274 785 336 834 mals
346 784 469 834 dimissum
479 785 588 848 pulum
603 783 665 848 eor.]
703 798 723 835 ι.
732 789 755 837 1.
775 784 840 835 ‘ita
857 786 967 850 gratiam
978 801 1080 838 omnem
1097 789 1239 854 corrumpi·

128 859 158 910 S·
185 859 306 910 Nesseis
327 861 452 912 dimissas:
478 863 521 911 vel
540 862 607 925 lege,
627 861 667 911 Ne
703 875 830 924 mus‚1nou
844 868 945 914 lantum
962 870 1100 929 postquam
1118 864 1237 916 dedimus

128 933 473 1000 wemmam.
490 935 562 988 (lud.
704 937 843 1000 beneficia,
864 939 911 989 sed
934 940 994 990 dum
1016 939 1132 990 damus:'
1152 941 1239 991 etita

164 1011 232 1062 dlnlr
242 1012 376 1078 dimisum]
401 1013 471 1064 lllud
481 1015 541 1062 mule
552 1011 667 1064 refertor
702 1014 758 1064 bac
776 1015 855 1064 verba
870 1030 922 1065 non
938 1015 1096 1067 Simonidem
1109 1016 1155 1066 sed
1168 1017 1237 1081 Pyc-

128 1085 342 1152 adosrrrssrperet.
383 1090 450 1140 Male
459 1104 607 1153 corrumpere
616 1097 666 1155 est,
704 1097 756 1141 tam
765 1098 926 1155 spectarent.
959 1091 1013 1141 Pro
1032 1092 1158 1144 Gronorii
1177 1105 1238 1143 con·

127 1162 320 1231 imprudenter,
330 1172 358 1216 et
372 1180 430 1216 cam
449 1181 495 1217 sno
507 1166 666 1217 detrimento
697 1167 803 1232 jectura
813 1173 900 1217 emant
911 1166 956 1216 illa
965 1167 1072 1218 Patron.
1082 1181 1162 1218 cxrrr.
1173 1168 1240 1219 ‘Ve-

128 1253 307 1304 corrumpere‚
337 1242 516 1292 uehementius
552 1255 665 1294 corrum-
703 1245 813 1295 ritusne
830 1243 900 1294 iuter
916 1243 992 1292 initia
1010 1243 1129 1295 coeuntis
1147 1244 1239 1308 gratiss

128 1328 205 1380 pere,
230 1322 262 1366 ut
287 1317 389 1369 ‘Male
409 1319 537 1383 multare,’
567 1319 665 1370 ‘Male
703 1327 837 1370 recentem
846 1319 998 1370 cicatricem
1007 1319 1185 1370 rescinderet!
1196 1316 1239 1372 Au

128 1390 235 1456 oense:
253 1400 281 1444 et
302 1393 412 1458 similia,
428 1396 551 1446 dimittere
569 1402 620 1458 est,
637 1404 667 1447 ut
703 1396 792 1446 etlroc
809 1396 893 1459 possit
913 1393 1001 1446 fecere
1020 1394 1154 1445 Ciceronis
1165 1396 1239 1446 locus

126 1469 159 1527 ‚in
177 1469 223 1520 illo
234 1471 369 1523 Ciceronis
381 1472 414 1524 de
426 1471 486 1524 Am.
505 1474 574 1524 ‘Est
585 1474 666 1524 etism
703 1485 737 1521 ex
757 1471 798 1521 lid
818 1472 890 1522 Fam.
907 1486 940 1522 ιι.
960 1476 1000 1521 lo.
1017 1469 1091 1519 ‘Ant
1102 1476 1184 1520 uture
1195 1485 1240 1520 ex·

130 1544 252 1612 quadam
274 1547 409 1598 calamitas
438 1548 465 1599 iu
487 1549 609 1599 amicitiis
628 1548 666 1598 di·
703 1545 1239 1609 istimsresramiocosstaotemmtcollec-

128 1620 266 1672 mittendis
293 1636 476 1689 nonuunquam
500 1623 666 1674 necessaria)
703 1630 757 1674 tam
781 1625 891 1689 gratiam
923 1623 1101 1675 florentissimi
1128 1621 1238 1672 bominis

129 1694 212 1758 Sedes.
245 1699 448 1763 legemem
465 1700 666 1764 dimissus-rati-
703 1698 890 1751 effunderem?
918 1701 1109 1765 fledrlxputu
1142 1697 1240 1749 Athe·

129 1788 229 1825 mcor.
262 1768 604 1829 Lir.xxvr.2⁰'.‘'l’andem
613 1793 666 1828 ara-
703 1790 747 1825 reo
760 1777 923 1827 iubocloco.
956 1775 1075 1826 Voluisse
1087 1784 1174 1826 nmen
1189 1774 1239 1825 ite-

124 1849 187 1914 jore
199 1851 292 1915 gratia,
303 1866 381 1916 quam
394 1861 511 1918 reucrst,
528 1855 618 1904 classis
627 1854 666 1903 di·
703 1866 760 1902 rom
771 1854 906 1903 avaritiam
916 1852 1056 1903 Simonidis
1062 1859 1155 1902 notare
1165 1852 1241 1901 Pac·

130 1926 209 1978 missa
220 1927 279 1979 est!
298 1930 333 1980 Et
344 1930 388 1981 lib.
399 1945 480 1982 ιιιιι.
493 1937 533 1982 ll.
545 1933 553 1960 ‘
563 1933 666 1982 Gratiu-
703 1927 766 1978 drus
778 1928 891 1992 ridetur,
902 1928 956 1995 qui,
971 1928 1034 1979 licet
1055 1926 1190 1978 fraudatus
1202 1939 1241 1976 es·

130 2017 160 2053 sa
170 2002 303 2056 dimissio!
337 2006 373 2056 Et
394 2019 471 2057 xus.
488 2012 513 2057 1.
529 2008 574 2057 ‘Si
588 2009 666 2058 Vale·
703 2011 755 2068 sat,
766 2004 871 2055 uolebat
883 2012 969 2056 tamen
980 2003 1089 2055 bominis
1103 2011 1155 2053 tam
1166 2001 1240 2052 nobi·

129 2080 170 2129 rio
192 2078 296 2130 Antiati
316 2081 417 2142 credas,
435 2096 482 2132 nec
502 2083 583 2133 classe
595 2083 666 2148 adju·
703 2080 735 2129 lis
754 2085 782 2130 et
801 2081 915 2145 potentis
934 2080 1045 2144 gratiam
1065 2079 1187 2143 perdere,
1206 2092 1240 2129 ne

129 2162 188 2206 tuat
198 2155 232 2206 ab
242 2170 274 2207 so
286 2156 433 2209 Praetorem
454 2173 521 2222 esse,
537 2174 586 2210 uec
606 2174 665 2210 cum
703 2156 764 2207 lude
785 2157 811 2206 iu
835 2157 975 2207 ludibrium
999 2157 1100 2206 veniret
1121 2158 1239 2219 aliorum,
1274 2166 1287 2173 ·

129 2231 217 2297 gratia
235 2233 267 2284 ab
286 2236 392 2285 console
410 2235 594 2300 prolectumin
607 2235 666 2287 Asi·
704 2233 816 2298 qui,lsoc
832 2233 953 2296 exemplo
972 2231 1047 2294 uroti,
1065 2231 1239 2295 postearirui·
1332 2296 1335 2306 Ι

129 2307 188 2358 am!
205 2309 292 2360 Heius.
703 2309 755 2358 lem
767 2306 817 2371 ipsi
827 2306 944 2358 fraudem
955 2306 1089 2368 facerent3
1104 2319 1185 2371 qsrarc
1195 2319 1240 2355 vo·

165 2385 342 2450 Commune]
354 2387 667 2440 Perderct.'lacit.Aun.
704 2384 754 2434 luit
770 2385 897 2434 iuteresse
920 2382 1047 2444 convivio,
1067 2397 1108 2444 ne,
1130 2382 1152 2429 si
1171 2382 1239 2432 mals

130 2473 180 2511 xv.
191 2465 233 2511 71.
249 2462 388 2528 ‘Veniam,
406 2480 483 2529 quam
500 2465 533 2514 ab
551 2467 666 2530 lmpera·
704 2460 834 2521 dimissus,
846 2467 873 2508 et
886 2459 944 2508 ideo
960 2459 1042 2509 iratus
1062 2458 1240 2524 abstinuisset,

130 2543 190 2587 tore
211 2548 357 2602 receperat,
373 2542 490 2591 uanitate
506 2542 591 2592 exitus
609 2557 666 2592 cor.
705 2535 796 2600 reliqui
805 2535 963 2599 scireutipsi
975 2533 1122 2583 mercedem
1134 2541 1240 2599 pactam

129 2612 203 2676 rupit
212 2611 230 2660 ι’.
246 2627 303 2676 pro,
312 2613 378 2665 lecit
390 2617 497 2665 utnulla
508 2624 589 2667 esset.
623 2617 667 2669 Sic
704 2622 835 2678 negatam.
885 2612 1015 2663 Veniebat
1036 2620 1065 2663 et
1081 2613 1107 2661 iu
1125 2619 1240 2663 mentem

129 2687 270 2738 maltialil.
302 2689 524 2743 Sensosctordor
544 2693 586 2742 Ne
599 2694 667 2744 male
706 2691 816 2740 Nemnis
833 2689 933 2739 diuisum
945 2688 1052 2751 gratim
1066 2694 1241 2752 corrumpente

129 2771 311 2828 corrumperet
332 2767 452 2830 gratiam,
471 2768 493 2817 sl
511 2781 569 2817 eam
581 2768 667 2819 diruit·
705 2768 798 2830 graba,
818 2779 895 2830 quarn
912 2766 979 2815 solos
999 2765 1113 2816 debebat
1133 2765 1242 2831 Pyctes,

130 2846 212 2903 teres,
233 2854 264 2891 ac
286 2848 421 2892 recusaret
435 2843 557 2893 oblatam.
589 2844 669 2909 Legit
705 2846 771 2894 male
783 2851 840 2894 erat
849 2843 940 2907 divisa,
950 2850 978 2894 et
990 2857 1050 2907 perr
1061 2845 1118 2908 ejus
1130 2842 1241 2895 redden·

130 2921 221 2966 tamen
241 2917 412 2980 amplissimus
439 2920 603 2970 Gronovius:
628 2923 669 2972 Ne
705 2921 740 2971 da
751 2922 852 2972 Castori
869 2929 897 2972 et
913 2920 1015 2970 Polluci
1026 2921 1164 2983 assignata.
1198 2921 1241 2972 Na

129 2993 194 3042 nsok
214 2993 359 3045 mrsnrissrru
378 2996 486 3057 gralirun
507 2996 668 3061 dirumperet:
705 3005 892 3060 prateressuo
912 2994 984 3046 t‘acto
1000 2996 1072 3045 Deos
1084 2994 1241 3060 offenderet,

130 3082 165 3123 ae
186 3071 312 3134 exponit:
332 3070 511 3134 ‘Amicitiam
534 3074 607 3123 tenui
624 3073 668 3124 filo
706 3074 779 3137 quasi
792 3071 924 3122 diffideret
942 3073 1001 3121 illos
1020 3085 1096 3134 posse
1108 3072 1241 3135 duaspar·

131 3145 293 3210 pendentem
308 3149 668 3212 etrlxcolraereutem,pror-
707 3156 746 3199 tes
773 3148 894 3210 reddere,
917 3147 1000 3198 noluit
1024 3160 1114 3196 eornm
1139 3161 1240 3212 quoquo

130 3237 178 3273 sus
202 3221 339 3277 dissueret.
367 3225 553 3288 commissam,'
587 3225 669 3290 addit,
706 3224 814 3287 gratiam
825 3224 875 3273 sibi
890 3223 1015 3274 minuere.
1048 3223 1117 3273 Nam
1139 3238 1242 3273 comra-

129 3300 299 3364 ‘elegentes
326 3309 356 3351 nt
383 3302 496 3352 Plumbo
516 3302 670 3364 commissa,’
703 3314 760 3364 pere
772 3304 822 3361 est,
834 3295 1002 3360 deteriorem,
1011 3295 1243 3363 minoremfacere,

130 3376 204 3441 apud
224 3378 387 3430 Juvenalem.
421 3379 488 3428 Molo
514 3379 669 3442 mmmissum,
706 3376 829 3426 utnullos
846 3374 952 3424 indeed
968 3372 1126 3425 ususfructus
1141 3373 1241 3427 redeat.

130 3461 163 3504 ot
180 3454 288 3506 Sueton.
309 3453 404 3505 Octar.
421 3457 461 3504 17.
488 3454 594 3505 ‘Marci
615 3453 669 3504 Aa·
707 3453 751 3502 Sic
764 3451 876 3502 Ovidius
894 3449 983 3500 Amor.
1001 3463 1033 3499 ιι.
1051 3452 1144 3500 11168.
1161 3450 1242 3504 ‘'Cor-

131 3529 198 3581 lonii
219 3530 372 3581 societatem
389 3544 493 3594 semper
506 3529 670 3592 dobiam,iu·
707 3528 806 3592 rumpis
826 3527 891 3577 vitio
911 3525 1005 3592 gaudia
1023 3533 1113 3576 nostra
1125 3531 1170 3577 tuo
1177 3526 1196 3576 r'
1213 3533 1242 3578 et

131 3614 244 3672 certam,
264 3609 570 3674 reconciliationibusque
591 3609 669 3660 uariis
707 3604 832 3669 Propert.
855 3616 889 3654 ιι.
910 3607 949 3653 le.
969 3607 1009 3654 ll.
1026 3603 1106 3653 ‘Non
1120 3603 1199 3667 jurat
1215 3603 1242 3654 in

130 3683 201 3735 male
226 3682 380 3748 t‘ocillatam,
414 3684 519 3746 abrupit
546 3684 670 3735 tandem.'
707 3694 778 3732 caeco
800 3681 931 3730 Venerem
953 3692 1120 3742 corrumpere
1142 3678 1243 3729 morur'

131 3757 229 3810 Horat.
241 3760 293 3822 Ep.
311 3759 355 3810 lib.
367 3774 387 3809 r.
399 3763 423 3810 1.
449 3758 508 3807 ‘Ao
522 3759 671 3810 malesarta
707 3758 751 3807 obi
774 3755 1003 3806 videBrookbusii
1024 3762 1108 3805 notas.
1142 3755 1243 3806 Heinsil

130 3834 230 3886 Gratia
240 3838 414 3900 nequicquam
425 3834 489 3896 coit,
508 3835 671 3884 etresciudi·
708 3841 796 3884 tamen
815 3831 948 3896 sequimur
968 3831 1117 3882 lectionem.
1150 3833 1243 3884 Disa-

133 3909 203 3961 turl'
230 3911 311 3972 Soles.
344 3912 373 3961 Si
399 3909 501 3962 Heinsii
519 3910 672 3973 conjectura
707 3912 896 3957 lereautenret
914 3907 1243 3960 diuidersalibrariiscon·

132 3985 234 4052 placet,
252 3988 361 4048 gratim
379 4001 525 4050 corrumpere
541 3985 671 4049 explicem
708 3981 781 4032 fundi
801 3982 880 4033 didici
903 3996 937 4034 ex
958 3983 1037 4035 Ouid.
1054 3985 1175 4036 Metus.
1185 3990 1243 4037 881.

133 4076 196 4128 pru,
217 4063 359 4113 amicitiam
382 4076 513 4127 rumpere,
538 4068 568 4112 ut
592 4060 671 4113 Orid.
709 4059 797 4110 Baros.

132 4132 164 4191 in
181 4135 241 4188 Ibin
260 4140 301 4189 19.
319 4137 423 4192 ‘Quam
441 4138 503 4200 asilu
521 4137 557 4192 rit
575 4144 673 4205 tecum,
743 4143 775 4192 19
791 4139 890 4206 Rediit]
915 4138 1047 4208 Accessit,
1064 4139 1135 4193 venit
1157 4139 1242 4191 deaoo
