2714 4696
149 287 172 354 t
603 299 811 349 rnnnnrro.

149 448 328 534 quicquum
343 446 378 510 in
389 449 486 511 textu
495 442 677 509 Burmanni
690 444 816 508 mutavi
828 444 900 508 sirie
908 443 1254 527 reuomunttneisr

147 552 193 616 nil
209 552 281 614 sine
294 548 493 613 auctoritate
506 546 662 612 librorrnn
677 548 896 630 scriptorum
915 546 963 610 nil
977 545 1122 631 denique
1133 567 1155 611 e
1168 566 1254 613 oon-

145 653 293 736 jectum,
317 651 381 715 nisi
405 650 463 713 ubi
489 648 596 714 Codd.
627 649 712 716 Mss-
730 649 831 732 plene
853 653 967 712 essent
986 650 1132 731 corrupti
1152 657 1253 733 utque

148 753 353 837 interpolati.
398 751 679 817 Innumerabilem
699 769 741 814 oc
762 769 860 834 perne
880 749 1107 815 incredibilem
1121 751 1254 836 conjec-

149 859 296 919 turarum
311 853 666 933 multitudinmovis
681 872 804 935 augere
819 871 886 918 non
901 872 1008 917 ausus
1022 872 1107 931 sum,
1121 855 1185 918 etsi
1199 855 1255 919 vel

67 942 68 945 ¹
149 957 213 1023 hoc
240 956 276 1021 in
300 976 418 1040 genere
437 956 681 1039 qualecumque
702 955 887 1038 pericnlum
907 956 1018 1020 faeere
1038 962 1201 1039 poteram,
1224 957 1256 1019 si

150 1058 357 1144 quorundum
379 1056 578 1124 criticorum
606 1059 784 1124 andaciam
808 1058 930 1123 imitari
953 1059 1118 1123 libuisset.
1163 1057 1254 1122 Nem

150 1166 246 1246 puto,
268 1165 348 1245 post
372 1167 423 1225 tot
446 1161 592 1224 virorum
607 1160 781 1226 doctorum
796 1179 914 1237 ansus,
937 1163 972 1224 in
986 1166 1081 1224 tonte
1094 1160 1256 1225 librorum

150 1263 351 1347 scriptorum
376 1261 504 1345 inopia,
527 1261 629 1326 hodie
659 1262 907 1328 innovationem
936 1280 1067 1327 omnem
1095 1265 1132 1326 in
1157 1268 1256 1327 textu

151 1363 288 1429 Phaedri
303 1383 322 1428 e
338 1363 541 1447 conjecture,
565 1365 707 1448 periculi
731 1371 766 1430 et
784 1364 1003 1430 dubitationis
1017 1366 1138 1430 hebere
1151 1365 1257 1448 pluri-

149 1486 252 1544 runm,
272 1466 339 1531 nisi
362 1465 424 1530 lux
449 1466 607 1533 offeratur
634 1467 836 1553 conjecturis
857 1489 877 1532 o
900 1467 1087 1533 (lodicibus
1114 1464 1204 1532 Mos.
1233 1485 1257 1529 a

150 1569 232 1634 viris
246 1568 358 1633 doctis
372 1569 519 1634 nondum
535 1571 682 1650 collatis,
704 1572 765 1636 sod
784 1570 964 1654 aliqnando
987 1572 1022 1634 in
1044 1571 1155 1634 lucem
1178 1588 1256 1653 pro-

149 1668 314 1751 foenum
332 1670 367 1733 id
380 1671 470 1753 quod
484 1690 573 1736 nunc
589 1691 721 1755 sperare
735 1673 795 1736 vix
811 1674 930 1736 ausim.
975 1671 1078 1750 Quod
1092 1672 1256 1754 reliquum

150 1776 213 1847 est,
234 1772 384 1837 fabulam
407 1774 494 1838 alias
519 1775 574 1840 25.
600 1775 694 1838 Libri
709 1789 760 1836 lv.
780 1792 861 1837 ‘oum
876 1774 1043 1839 Brotierio
1075 1779 1108 1839 ct
1128 1773 1258 1856 Bipon·

151 1872 231 1936 linis
246 1873 421 1956 Epilogum
443 1875 513 1939 lieri
531 1875 620 1958 jussi
636 1874 729 1939 Libri
746 1891 803 1939 ιιι.
821 1874 918 1957 cujus
933 1873 1080 1956 Prologo
1094 1874 1138 1938 ed
1152 1873 1259 1957 Euty·

17 2050 21 2058 .
151 1971 248 2038 ohum
273 1977 397 2059 optime
423 1978 622 2062 respondet3
645 1978 847 2061 pariterque,
863 1996 905 2041 ne
921 1975 1014 2041 Libri
1031 1995 1064 2040 ν.
1088 1975 1263 2058 Prologus

150 2081 238 2140 esset
251 2075 391 2161 duplex,
406 2080 500 2145 Libri
514 2097 566 2144 iv.
580 2080 705 2158 nullus,
727 2078 817 2144 illios
835 2080 1011 2162 prologum
1025 2079 1166 2162 priorem
1181 2078 1261 2142 huic

152 2177 283 2242 reddidi
311 2200 477 2266 suumque
505 2182 697 2268 Epilognm,
730 2183 789 2267 qui
825 2182 919 2246 Libri
946 2199 979 2247 v.
1004 2181 1088 2245 Feb.
1108 2181 1145 2244 5.
1171 2185 1206 2244 et
1225 2179 1260 2243 6,

151 2282 251 2366 vulgo
265 2283 479 2370 interpositus
492 2288 618 2371 legitur.
663 2289 721 2353 Sic
736 2287 870 2372 quidem
886 2285 995 2352 L1v.
1018 2290 1124 2349 totum
1149 2283 1261 2349 Porti-

150 2385 274 2464 ouloni,
290 2386 429 2455 Librum
443 2404 478 2453 v
511 2389 646 2455 Phileto
660 2406 794 2454 sucrum
807 2406 888 2452 esse
904 2382 1018 2451 volui‘
1058 2384 1127 2450 Sed
1142 2384 1260 2450 subulo

150 2487 237 2554 aliu
265 2488 323 2555 20.
346 2490 442 2557 Libri
469 2508 526 2559 ιιι.
548 2512 617 2557 non
643 2493 715 2558 sine
743 2492 872 2559 ratione
896 2489 990 2555 facto
1012 2487 1180 2552 estheri
1208 2501 1259 2550 tv.

149 2591 270 2671 priuis.

162 2740 166 2749 ,
294 2691 335 2733 ι
438 2693 469 2763 Ιιι
600 2691 624 2734 ι
754 2691 776 2733 ι
904 2690 927 2734 ι
1059 2689 1083 2733 ι

162 2829 165 2833 ’
194 2791 288 2857 Huic
313 2792 464 2859 mittent
489 2791 624 2878 prolixi
647 2788 755 2855 Vitam
772 2789 904 2856 Pteme
926 2812 964 2855 er
979 2789 1127 2855 Pkaedro.
1173 2789 1261 2856 Com

149 2893 236 2958 enim
250 2894 375 2973 omnis,
399 2914 476 2979 qum
492 2895 658 2980 pertinent
682 2896 727 2960 od
751 2896 856 2960 vitem
879 2901 913 2960 et
938 2895 1009 2960 fetu
1037 2892 1186 2971 Phoedri,
1210 2894 1263 2960 l‘o·

149 3001 242 3061 tenor
256 2998 383 3063 messis
397 2999 566 3064 occultata
580 3002 615 3062 et
627 2996 833 3062 circumfuso
848 2997 1015 3077 tenebris3
1030 2997 1116 3079 ipsse
1131 2994 1259 3062 inbuite

149 3097 357 3163 imicrrsloos
371 3100 529 3183 putandas
555 3100 646 3177 sunt,
668 3117 714 3174 ex
738 3116 813 3182 quo-
829 3101 937 3165 ritsm
960 3101 1034 3185 ejus
1052 3097 1260 3164 hennsmus.

68 3260 72 3265 .
150 3197 193 3263 In
219 3218 271 3264 eoa
292 3205 405 3266 sutem
432 3201 688 3266 conscribendo.
703 3216 747 3265 ou
769 3202 983 3284 potissimum
1010 3200 1149 3269 utilitati
1177 3196 1261 3265 mihi

147 3300 289 3383 suerum,
323 3323 402 3389 quse
432 3304 632 3384 Sohetierus,
667 3298 850 3384 Funcoins,
880 3292 1074 3381 Fabricius,
1103 3300 1261 3382 Gmsius,

150 3401 286 3492 Arrglsr,
297 3406 524 3473 Desbillonius
538 3407 580 3472 de
594 3407 700 3492 polito
711 3413 828 3473 nostro
840 3408 1011 3474 memorie
1026 3404 1260 3522 prodidemnt,

148 3507 198 3577 ir·
208 3513 251 3573 ut
263 3511 391 3592 plsoite
405 3529 522 3575 eorum
536 3513 753 3576 subexsmen
763 3524 921 3575 voonrern
923 3524 1117 3592 ,novosque
1130 3505 1262 3591 poesim

149 3609 364 3693 conjecturas
377 3629 609 3706 proponerem,
627 3611 739 3677 fultus
754 3613 972 3695 argumentis,
992 3619 1110 3694 ntego
1126 3609 1260 3695 quidem

150 3713 303 3792 arbitror,
325 3733 393 3780 oon
407 3715 542 3799 ineptis

296 3816 319 3858 Ι
449 3815 470 3856 ὑ
601 3818 623 3860 1
754 3817 775 3860 U
906 3815 928 3858 ἓ
1060 3815 1083 3856 ⁵

647 3950 756 4004 Now

291 4058 358 4114 ‘Gi
375 4062 575 4131 ntponrtuorun
592 4065 657 4121 Not.
668 4065 739 4121 liter.
755 4061 792 4118 ts
802 4063 916 4119 encore
928 4079 955 4136 p.
967 4072 1070 4118 mut·
1082 4072 1122 4128 ll·
1263 4082 1269 4093 '
