2714 4696
161 306 186 373 a
617 314 826 366 pensauro.

163 468 300 539 Phara
315 464 441 542 Editio,
456 482 511 527 me
527 469 680 539 curante,
698 462 733 524 in
748 460 869 542 vulgus
884 451 1048 540 ederetur,
1069 481 1113 528 ea
1128 461 1263 549 quidem

162 575 255 639 hisce
270 573 456 634 occurreret
481 566 650 640 omnibus,
673 572 718 641 et,
744 565 774 627 si
796 563 869 627 ficri
891 572 1025 647 posset,
1047 567 1146 631 novis
1161 573 1265 632 ancta

161 672 376 744 incrementis
394 670 553 754 prodiret.
598 667 733 746 Quibus
748 669 837 732 votis
853 686 896 731 an
912 688 1000 732 nova
1017 668 1142 747 Editio,
1159 688 1263 754 qnam

160 779 286 860 linguae
303 775 431 838 Latinae
457 780 493 836 et
519 772 718 836 Literaturae
734 771 896 854 antiquae,
928 790 990 836 nec
1015 792 1084 837 non
1112 771 1263 838 historie

161 878 318 945 literaria}
349 875 496 959 cupidis,
528 875 677 939 maxime
712 874 909 939 Scholarum
939 875 1111 959 magistris
1142 872 1263 953 offero,

161 979 439 1067 respondeatis
465 998 507 1043 eo
533 979 671 1062 quidem
700 979 854 1043 doctrina
877 984 1082 1063 praestantes
1109 986 1144 1043 et
1159 977 1263 1064 aequi

160 1103 269 1152 rerum
284 1082 508 1148 aestimatores
522 1099 608 1144 nunc
619 1077 787 1163 judicent.

206 1185 392 1250 Maximam
415 1202 530 1247 curam
551 1184 584 1245 in
606 1202 647 1247 co
667 1186 779 1267 posui,
802 1188 840 1248 nt
857 1191 989 1248 textum
1005 1182 1132 1261 darem,
1157 1204 1264 1269 quan·

161 1295 232 1355 tum
248 1285 319 1350 fieri
336 1291 476 1368 poterat,
493 1285 696 1366 castigatum
710 1290 744 1349 et
759 1305 888 1370 purum.
920 1285 996 1350 Etsi
1010 1287 1098 1350 enim
1110 1289 1262 1352 recensio

162 1388 423 1463 Burmanniana‚
440 1387 548 1451 adhuc
561 1408 583 1452 a
593 1389 708 1452 multis
723 1395 871 1472 recepta,
886 1387 997 1453 laudis
1012 1390 1160 1474 palmam
1175 1409 1263 1474 prae·

161 1494 268 1580 ripere
297 1490 471 1554 videbatur
497 1491 652 1573 reliquis3
687 1499 795 1556 tamen
837 1490 917 1554 mihi
946 1498 1019 1556 erat
1048 1510 1260 1576 persuasum,

161 1596 396 1667 Burmannum,
418 1592 476 1674 qui
499 1593 598 1656 toties
618 1593 792 1675 vulgatam
812 1593 993 1657 lectionem
1018 1598 1133 1658 contra
1154 1612 1262 1658 noras

161 1695 323 1762 Richardi
353 1693 498 1757 Bentleii
522 1699 556 1757 et
585 1693 759 1758 Francisci
791 1694 892 1759 Harii
927 1696 1137 1779 conjecturas
1167 1702 1261 1762 recte

48 1791 53 1797 ’
160 1801 267 1864 tuitus
283 1803 365 1873 erat,
385 1815 453 1860 non
476 1815 551 1860 raro
574 1797 645 1860 sine
666 1798 869 1862 necessitate
892 1797 1031 1861 eandem
1046 1795 1272 1878 neglexisse?-

160 1901 315 1984 aliasque
333 1899 543 1977 'lectiones
566 1900 697 1984 passim
729 1901 830 1965 etiam
861 1900 1106 1982 elegantiores,⁰
1136 1899 1272 1965 subse--

159 2004 278 2095 tuisse.
337 2000 387 2066 At
415 2021 496 2066 vero
527 2023 604 2068 cum
634 2004 840 2080 existimem,
872 2002 1064 2085 avulgata
1101 2002 1272 2067 librorum·

159 2106 361 2188 scriptorum
386 2102 548 2169 Lectione
577 2124 658 2183 non,
681 2106 748 2169 nisi
776 2111 911 2187 urgente
939 2105 1153 2182 necessitate,
1182 2123 1261 2168 esse

158 2204 399 2286 recedendum
432 2209 465 2268 et
495 2204 694 2271 criticorum
717 2216 811 2284 esse,
835 2212 969 2274 textum
998 2207 1160 2285 auctoris,
1190 2224 1274 2271 non‘

120 2359 123 2366 .
159 2311 272 2394 ipsum
303 2313 475 2373 auctorem
507 2309 702 2389 emendare3
736 2310 904 2391 vulgatam
941 2309 1153 2385 Lectionem,
1187 2308 1264 2376 ubi·

159 2429 301 2493 cumque
317 2430 338 2473 a
354 2409 546 2475 Burmanno
572 2411 644 2475 sine
670 2428 776 2475 causa
796 2410 968 2475 videretur
995 2429 1071 2476 esse
1096 2409 1270 2492 neglecta,

157 2513 310 2595 reposui:
334 2530 400 2594 quo
424 2512 460 2575 in
482 2531 602 2593 genere
622 2513 749 2596 passim
772 2513 975 2577 recentiores
991 2511 1150 2575 Editores
1176 2531 1265 2594 prae·

159 2613 298 2677 iverant.
353 2609 575 2674 Accedebant
600 2612 780 2677 Lectiones
810 2611 948 2677 Codicis
979 2611 1124 2689 Perotti,
1147 2614 1218 2697 qui,
1241 2631 1265 2678 a

158 2711 328 2778 Dorvillio
356 2711 389 2773 in
417 2709 520 2775 Italia
542 2718 707 2794 repertus,
731 2713 767 2775 in
790 2731 912 2776 manus
939 2713 1075 2777 demum
1101 2713 1262 2780 veniebat

159 2811 353 2888 Burmanni,
369 2809 526 2874 Editione
543 2811 645 2895 hujus
659 2813 777 2896 majori
799 2832 875 2877 cum
901 2833 992 2879 novo
1008 2814 1273 2880 Commentario<

152 2913 296 3001 jamjam
310 2908 504 2995 impressa,‘¹
519 2912 566 2976 ita
581 2913 730 2997 quidem,
756 2919 793 2978 nt
816 2915 889 2978 viro
915 2915 1019 2980 docto
1044 2936 1112 2981 non
1134 2917 1262 2996 liceret,

156 3018 312 3084 meliores
341 3016 424 3080 dicti
454 3013 592 3080 Codicis
620 3016 869 3084 lectionesin
898 3037 979 3082 suos
1010 3025 1135 3083 vertere
1163 3039 1261 3086 usus.

158 3119 250 3187 Istas
265 3117 366 3200 igitur
384 3114 582 3194 Lectiones,
605 3137 691 3202 quas
711 3118 785 3202 jam
808 3120 889 3184 olim
914 3138 968 3183 me
989 3121 1159 3204 recepisse
1180 3141 1273 3203 con-f

156 3228 237 3299 atat,
259 3240 410 3306 quasque
425 3241 469 3285 ex
488 3225 584 3304 parte
600 3221 658 3288 elii
674 3228 754 3306 post
767 3241 821 3286 me
836 3230 934 3287 erant
949 3224 1110 3306 amplexi,
1125 3223 1211 3289 istas
1225 3233 1262 3289 et

155 3324 190 3390 in
205 3323 269 3389 hac
293 3322 430 3389 Phaedri
444 3321 601 3389 Editione
616 3325 745 3410 recepi.
789 3322 902 3408 Atque
928 3326 1029 3389 etiam
1050 3323 1274 3410 :anonymum

156 3424 313 3504 Niiantii,
329 3446 430 3508 quem
446 3426 575 3503 dicunt,
593 3426 706 3490 denuo
721 3427 894 3508 diligenter
919 3426 1160 3492 excutiendum
1185 3446 1274 3492 esse·

148 3528 326 3621 putabam.
360 3528 453 3601 Non
468 3546 588 3612 paucos
603 3530 694 3593 enim
709 3529 809 3594 bona
828 3534 920 3594 notae
936 3529 1121 3593 Lectiones
1136 3528 1262 3594 fabulis

153 3627 250 3695 illius
266 3628 525 3710 confirmantur:
548 3635 583 3694 et
598 3630 736 3714 passim
761 3630 867 3696 habet
892 3630 1087 3709 Lectiones,
1111 3629 1262 3696 amultis

146 2668 157 2705 Ι

653 3881 761 3934 NOTAE

188 4025 199 4059 ⁶
216 4025 276 4076 vid.
294 4040 319 4077 e.
341 4042 364 4081 c.
384 4028 428 4080 lib.
447 4041 467 4081 1.
486 4027 539 4080 sab.
551 4033 575 4082 1.
588 4033 614 4081 θ.
638 4028 689 4081 sab.
730 4028 784 4080 sab.
795 4033 820 4080 t.
834 4033 874 4080 lt.
885 4028 930 4080 lib.
942 4041 980 4079 rr.
997 4026 1085 4079 faiae
1096 4030 1138 4078 tr.
1149 4025 1262 4077 etaiibi.

158 4107 182 4152 o.
194 4107 219 4154 ⁸.
234 4100 287 4152 sair.
300 4108 339 4156 it.
351 4109 391 4154 io.
402 4104 456 4157 sab.
468 4109 510 4157 28.
522 4111 548 4157 2.
559 4109 609 4157 &a
759 4104 771 4140 ¹¹
788 4106 876 4156 Leidae
889 4110 961 4157 1⁷27.
972 4109 998 4157 4.

187 4182 275 4232 ct'irt.
295 4180 338 4236 tie.
361 4197 381 4235 r.
407 4182 461 4235 sab,
481 4188 521 4237 18.
538 4190 562 4236 t.
590 4182 636 4234 lib.
653 4198 685 4235 rr.
762 4183 832 4235 ‘Sic
856 4181 935 4235 etiam
957 4182 986 4234 in
1009 4179 1063 4233 sair.
1087 4179 1267 4247 &tricennii
