2714 4696
123 269 190 338 294
318 279 514 334 ιιιιιιυιιι
539 277 774 330 utrumnum
798 275 1039 330 ssorrssmr.

127 427 291 512 Lusitque
304 428 446 504 turbem,
462 430 498 489 et
511 423 616 489 Tauri
631 421 781 488 destituit
792 422 911 488 utinos.

128 528 233 610 Quod
246 529 276 593 si
289 528 408 592 suisset
422 525 544 591 validae
560 524 701 591 cervicis
714 543 852 601 memor,

128 628 174 694 Et
188 628 319 693 Taurus
334 627 461 693 hostem
475 624 712 691 contemsisset
726 624 909 702 sordidum,

129 730 267 795 Fuisset
280 749 367 796 vanu
380 728 494 792 inertis
509 727 672 809 gloriatio.

171 830 304 896 Amittit
318 830 451 909 samem,
465 829 523 913 qui
539 847 575 892 se
589 826 732 910 indiguis
745 832 930 910 comperet.

535 1380 694 1443 FABULA
728 1381 828 1441 xvlt.

446 1598 606 1679 EQUUS
638 1598 699 1663 ΕΤ
731 1596 922 1665 ASINUS.

131 1811 284 1876 Assuuo
301 1812 443 1895 Sonipes
455 1810 601 1897 phaleris
617 1810 759 1876 ooourrit
773 1815 914 1889 tumens,

133 1912 177 1977 Et
190 1914 312 1991 lessus,
327 1913 431 1976 multo
445 1911 574 1976 tordius
589 1909 679 1995 quod
692 1909 842 1995 pondere

132 2011 234 2077 Viam
249 2013 398 2078 dedisset
410 2011 607 2090 transeunti,
629 2009 713 2091 Vix,
737 2011 795 2093 ait,
820 1990 840 2020 ”

133 2115 194 2180 Me
208 2120 316 2193 teneo,
338 2116 419 2197 quin
432 2120 465 2179 te
481 2115 584 2180 soevis
599 2115 749 2180 calcibus
763 2121 921 2180 exterum.

133 2216 255 2281 Toouit
269 2216 417 2294 Asellus,
433 2216 556 2298 gemitu
571 2220 712 2280 testatus
727 2215 830 2280 Deos.

134 2317 261 2401 Equus,
277 2318 439 2383 currendo
454 2321 573 2400 ruptus
587 2336 692 2401 parvo
706 2318 740 2381 in
754 2323 915 2401 tempore,

133 2416 191 2482 Ad
205 2418 319 2482 villam
332 2419 479 2483 mittitur.
523 2416 625 2482 Huuo
640 2425 801 2482 onustum
812 2425 957 2483 stercore

135 2520 184 2585 Ut
196 2520 280 2584 vidit
292 2519 430 2598 Asinus,
443 2521 502 2585 tali
516 2518 632 2583 derisit
642 2517 741 2603 joco:

137 2620 227 2701 Quo,
243 2621 397 2703 gloriose,
411 2619 565 2704 phaleras
579 2618 641 2683 hes
656 2618 819 2703 quondum
833 2619 906 2697 tibi,

136 2720 246 2786 Modo
261 2719 306 2785 ad
320 2721 509 2804 despectam
525 2723 582 2803 qui
597 2720 710 2785 redisti
724 2721 914 2785 miseriaml

181 2821 281 2884 Felix
295 2842 335 2885 ue
349 2828 496 2905 spernet,
512 2823 624 2887 dubiae
639 2824 738 2887 sortis
753 2824 934 2901 immemor,

137 2919 322 2998 Humilem,
337 2942 414 2987 cum
429 2922 509 3005 quid
521 2921 650 2987 sumtus
666 2924 740 3006 ipse
753 2922 896 2987 nesciat.

637 3104 744 3156 NOTAE

170 3227 236 3277 Huc
264 3224 353 3276 subulo
379 3226 475 3290 iegitur
506 3240 549 3290 sp.
573 3225 666 3278 Rimio.
706 3223 1129 3290 etiprlhomiurr⁴rupti,'x.tltl.
1230 3270 1236 3290 ,

136 3303 182 3353 lib.
193 3316 238 3353 ιιι.
248 3300 300 3352 fob.
310 3305 335 3352 t.
356 3300 438 3352 Auou.
457 3299 510 3353 ful).
523 3304 564 3351 87.
581 3302 667 3354 Burm.
740 3306 819 3355 Puroo
829 3306 855 3355 in
865 3303 980 3369 ternpore]
995 3301 1038 3352 Sic
1050 3299 1137 3350 Auou.
1149 3301 1235 3355 recte3

137 3378 188 3443 dp.
209 3379 284 3427 Rom.
303 3378 362 3428 Diu.
381 3384 410 3428 et
430 3377 500 3429 Uim.
517 3386 559 3429 ert
578 3376 667 3429 subulo
706 3380 753 3429 ‘iu
770 3379 861 3430 diebus
879 3377 985 3445 prurio:
1006 3377 1068 3425 Ter.
1080 3372 1165 3424 Andr.
1183 3386 1202 3421 ι.
1213 3375 1236 3421 l.

136 3453 270 3505 libatus.
290 3453 368 3505 Solu.
459 3495 462 3503 .
705 3460 748 3507 77.
763 3455 916 3519 Suetrlug.
932 3459 974 3505 tlt.
988 3452 1094 3502 Tiuoo.
1126 3447 1186 3499 vid.
1205 3446 1236 3497 od

144 3590 146 3595 ,
170 3533 186 3578 4
205 3530 304 3585 Quinte
322 3529 402 3593 mois]
422 3529 570 3580 Potuiroem
581 3529 668 3598 luciis,
707 3530 758 3583 0v.
769 3533 836 3582 Met.
847 3545 888 3583 ιι.
899 3536 940 3581 39.

137 3604 667 3668 quinteooeoismpumculcilurrsedrr·
738 3597 1236 3670 iiQuotiirNuidtidif‘l‘ffimn·

137 3680 240 3730 ridebat
251 3680 313 3729 illud
323 3686 429 3731 exim
437 3696 469 3731 ex
478 3680 583 3734 Phoedr.
592 3682 636 3732 lib.
646 3696 666 3733 ι.
706 3684 775 3749 quod
786 3685 901 3733 servavit
914 3682 1012 3733 Nilrnr.
1045 3678 1141 3727 Rimic.
1156 3674 1239 3731 rddit,

136 3753 190 3806 fob.
202 3760 243 3806 ll.
255 3756 297 3806 ubi
309 3756 376 3806 vide.
708 3759 774 3815 Quid
784 3759 829 3808 tili
835 3760 973 3822 proderem,
982 3755 1177 3820 proprodeml:
1193 3751 1239 3802 red

168 3834 186 3880 d
203 3829 307 3893 Rursus]
324 3830 367 3880 lto
377 3831 484 3896 proprie
500 3831 534 3882 de
544 3845 619 3897 equo,
628 3831 667 3882 ni·
706 3834 765 3898 lege
778 3834 830 3890 Quo
837 3834 954 3898 phalerus
974 3829 1033 3879 Vid.
1044 3827 1137 3878 Heius.
1147 3825 1239 3877 udor.

137 3906 189 3956 mio
207 3921 284 3956 eursu
304 3905 423 3972 futigrto,
442 3915 470 3959 et
485 3909 570 3959 inutili
587 3907 667 3959 fruto.
706 3911 757 3974 Ep.
768 3913 836 3960 ιι.8.

137 3983 205 4034 Plio.
226 3995 326 4033 nvnr.
343 3986 385 4035 ιο.
401 3984 501 4048 ‘rumpi
518 3998 607 4049 equor,
623 3984 668 4049 qui
740 3989 772 4035 ιο
788 3984 896 4049 ertrffl
912 3983 1012 4036 Dubito
1024 3996 1058 4033 su
1068 3994 1119 4032 uou
1131 3981 1239 4046 puroet

138 4059 249 4124 vestigio
260 4060 376 4124 luporum
395 4060 443 4110 rub
458 4059 548 4125 equite
558 4075 668 4126 mooun·
706 4061 823 4113 recidisti.

139 4134 197 4186 tur.’
229 4134 379 4198 ltu‘ruptu
387 4133 667 4200 mulu’llurlamte.
722 4181 724 4184 ,
