2714 4696
122 272 189 343 788
361 288 557 359 unornane
581 289 797 342 nnrntonnn
829 287 997 343 sennar.

166 472 208 486 -
222 438 288 500 Lat.
301 445 333 500 et
346 439 429 502 Gaii.
439 438 569 513 Parisiis,
587 457 639 520 sp.
657 439 754 503 Didot
766 449 839 504 nstts
853 441 925 521 maj.
949 449 999 505 18.
1016 449 1036 504 a
1062 456 1121 502 vot
1162 456 1227 502 son

133 542 201 599 rto.
216 533 288 615 figg.

167 667 208 678 -
222 629 340 693 Phaedri
353 633 531 695 Fabularum
545 634 647 710 AEsop.
664 632 743 692 Libri
767 649 799 691 r.
819 632 857 693 ad
882 632 1009 693 Codices
1022 633 1101 693 Mes.
1114 643 1147 693 et
1159 631 1232 712 opti·

126 747 188 789 nus
209 727 353 790 editiones
372 729 557 809 recognovit,
580 729 752 790 varietatem
775 729 909 790 iectionis
931 738 963 791 et
984 730 1228 792 commentarium

126 834 304 904 perpetuum
317 825 430 904 adjecit
442 827 491 888 Jo.
513 825 732 887 GottiobSam.
754 818 908 886 Schirsbe.
929 827 1093 887 Accedunt
1115 825 1231 886 Bomoi

127 922 306 986 Fabuiarum
320 923 503 1002 AEsopierum
518 922 598 984 Libri
613 939 662 983 1v.
681 921 719 983 ad
735 922 874 982 codicem
889 923 1101 982 Divionensesn
1114 931 1149 983 et
1170 941 1233 1000 per·

126 1019 278 1097 antiquam
293 1019 451 1081 editionem
476 1020 646 1082 Uimensem
678 1039 758 1080 nnnc
786 1020 912 1097 primum
931 1017 1084 1078 emendati
1106 1027 1141 1078 et
1160 1017 1234 1077 notis

127 1113 275 1176 illustrati.
307 1116 385 1177 Cum
398 1116 506 1178 tabuiis
528 1116 579 1177 seri
602 1116 713 1178 incisis.
735 1115 926 1193 Brunswigte‚
947 1123 1050 1187 sumtu
1072 1113 1157 1174 Frid.
1173 1114 1234 1174 vie

127 1211 223 1290 eregii.
238 1220 255 1273 8
271 1210 374 1290 maie
389 1211 647 1274 sort-ressone
669 1212 771 1287 editio,
785 1231 845 1292 qna
858 1211 967 1292 linguae
981 1210 1098 1271 Latine
1116 1219 1151 1271 et
1173 1211 1234 1289 lite·

126 1314 234 1368 raturae
255 1307 397 1388 antique,
432 1327 550 1369 necnon
570 1307 700 1368 historic
726 1307 863 1368 literarise
885 1305 1078 1385 cupidorum,
1111 1305 1235 1366 maxine

128 1398 337 1484 magistrorum
366 1400 542 1476 scholarum,
565 1403 728 1465 rationibus
750 1403 863 1484 optime
880 1403 1030 1465 consuluit
1050 1401 1236 1464 doctissimus

81 1507 83 1512 ’
129 1496 245 1562 Editor.
258 1501 415 1567 Pmmisss
423 1500 465 1563 Τ.
480 1518 505 1562 s.
528 1504 554 1561 l.
564 1501 634 1563 Vita
642 1500 808 1578 Pbtedriex
821 1499 960 1561 Phaedro.
972 1498 1130 1562 attonsis
1143 1499 1236 1559 litera·

129 1596 173 1656 ria
187 1596 226 1656 de
239 1596 378 1670 Pbtedro,
391 1596 556 1659 Eiencbum
570 1597 718 1658 Codicum
732 1606 762 1657 et
786 1596 919 1657 Iudicem
934 1595 1101 1656 editionum
1126 1613 1165 1656 ac
1181 1614 1236 1654 rer·

129 1690 248 1753 sionum
269 1695 434 1765 continens,
458 1712 527 1753 cum
551 1694 693 1772 catalogo
715 1692 901 1772 Scriptorum
915 1690 1078 1753 Pbaedrnm
1090 1691 1236 1752 illustran-

129 1786 216 1863 tium,
229 1797 289 1850 tarn
309 1788 508 1869 antiquorum,
523 1810 614 1870 qnam
637 1790 843 1851 remotiorum.
859 1796 891 1850 3.
907 1789 955 1848 De
966 1789 1097 1850 Pbaedro
1109 1786 1235 1867 entiqu-

130 1885 200 1945 tatis
222 1885 366 1965 scriptore
387 1885 569 1967 Disputatio.
599 1886 780 1949 asscensu
803 1885 1041 1948 Observationes
1071 1885 1236 1948 sestbetioo

130 1979 243 2042 critiote
257 1980 295 2041 de
311 1979 428 2042 Pboedri
441 1980 562 2056 fabulis,
575 1981 753 2043 Germanice
775 1982 907 2061 scripte.
927 1981 1012 2042 anis'
1030 1979 1175 2043 editionis
1197 1988 1237 2040 est

131 2084 233 2138 tentos
259 2076 430 2149 Burmanni,
448 2097 467 2137 n
487 2093 550 2156 quo
570 2087 669 2139 tumen
690 2098 749 2138 non
768 2077 874 2157 paucis
895 2077 968 2137 locis
991 2077 1117 2138 recessit
1138 2077 1236 2162 editos,

131 2173 294 2232 maximam
306 2182 421 2252 partem
436 2174 560 2235 Codicis
583 2175 695 2236 Perotti
707 2174 885 2236 anctoritate
903 2173 1006 2235 fuitus.
1036 2174 1155 2235 Textui
1176 2176 1238 2235 snb·

127 2266 212 2346 jectu
229 2269 353 2330 'varietas
373 2270 522 2344 iectionis,
535 2290 603 2332 oum
626 2270 847 2342 commentario,
869 2269 1068 2348 exquisitioris
1098 2270 1238 2333 doctrina

132 2365 238 2444 pleno,
249 2365 373 2426 fortasse
384 2375 484 2428 tamen
505 2366 687 2429 verbosiore.
707 2366 834 2445 Singulis
856 2366 1022 2426 fabularum
1045 2365 1130 2428 libris
1152 2366 1238 2427 additi

133 2460 293 2536 Excursua
312 2463 342 2522 in
362 2463 470 2542 quibus
482 2464 521 2524 de
544 2463 686 2525 rebusad
710 2460 872 2534 historiam,
895 2462 934 2524 ad
960 2461 1238 2540 antiquitatem

132 2556 303 2630 literarium,
326 2560 593 2639 interpretationem
608 2560 735 2641 denique
764 2561 895 2620 iocorum
919 2557 1133 2633 difficiliorem,
1155 2562 1237 2640 perti

67 2648 70 2654 ⁴
134 2655 272 2715 nentibus
287 2655 405 2716 uberius
417 2657 597 2736 disputator.

179 2758 256 2819 1807
276 2750 395 2810 Pbaedri
410 2752 586 2812 Fabuiarum
602 2754 703 2830 AEsop.
718 2752 800 2813 Libri
815 2769 848 2812 v.
863 2772 932 2812 cum
953 2752 1031 2813 notis
1054 2762 1084 2813 ct
1107 2752 1239 2814 emenda·

135 2844 265 2906 tionibus
281 2846 385 2906 Frnuo.
406 2848 469 2907 Jos.
486 2847 664 2919 Desbiiions,
680 2848 798 2926 exejus
816 2848 1028 2909 commentario
1046 2849 1180 2928 pleniore
1194 2849 1240 2909 de·
1258 2852 1262 2855 ’

136 2941 250 3002 sumtis.
272 2942 377 3003 Tertia
390 2942 492 3015 editio,
511 2943 560 3003 cui
572 2962 722 3004 accessere
737 2944 941 3005 annotationes
957 2945 1089 3007 Gallium
1102 2948 1133 3009 J.
1157 2949 1192 3007 F.
1204 2949 1238 3006 tt.

136 3039 216 3100 -Υ,
232 3038 359 3113 Parisiis,
374 3059 422 3118 ap.
437 3040 472 3099 L.
488 3040 779 3118 DupmoDurerger.
797 3050 814 3101 8
827 3040 896 3099 min.

177 3170 219 3182 -
231 3136 350 3198 Phaedri
364 3136 542 3197 Fabularum
556 3136 637 3196 Libri
647 3153 679 3195 v.
694 3136 802 3214 quibus
824 3136 974 3197 accedunt
992 3135 1106 3198 fabniae
1119 3155 1240 3200 nexare.

139 3232 174 3292 In
193 3253 278 3293 usum
293 3234 463 3293 scholarum
485 3232 650 3304 adornavit,
672 3232 841 3310 nottriisque
865 3232 979 3309 ingenio
1003 3234 1143 3294 acuendo
1157 3236 1240 3296 inser·

140 3328 290 3389 cientibus
303 3329 442 3390 instruxit
455 3329 585 3390 Euchar.
605 3327 692 3389 Ferd.
718 3328 828 3388 Christ.
843 3328 995 3390 OErteiius.
1014 3330 1142 3405 Onoidi,
1165 3331 1238 3412 spnd

139 3424 186 3484 W.
202 3427 242 3485 G.
266 3427 397 3487 Gessert.
412 3430 442 3487 8.

179 3554 221 3566 -
235 3519 355 3583 Pboedri
367 3522 488 3583 Fabulae
502 3520 603 3602 AEsop.
616 3520 742 3583 Accedit
752 3521 911 3602 Appendix
926 3521 1097 3583 tabularum
1112 3542 1132 3583 a
1145 3542 1239 3584 recen·

139 3615 265 3678 tioribus
280 3619 484 3699 Apologorum
498 3618 670 3679 auctoribus
692 3619 935 3698 compositarum.
958 3620 1090 3680 Darmst.
1113 3629 1146 3681 et
1159 3621 1241 3680 Gies·

142 3728 193 3785 aae,
208 3715 288 3793 apud
303 3715 410 3794 Heyer.
427 3723 457 3776 8.

190 3818 266 3874 1808
288 3812 542 3881 Grammatiscbes
557 3811 688 3874 lexicon
701 3812 777 3874 iiber
795 3812 852 3874 den
866 3810 1023 3885 Phaedrus,
1042 3813 1171 3874 trelcbes
1191 3812 1243 3891 bey

138 3906 228 3988 jeder
255 3907 346 3968 asbel
372 3908 420 3968 die
434 3910 580 3985 Woerter,
606 3908 809 3990 syntaotiscbe
832 3909 892 3968 und
917 3906 1115 3988 prosodiscbe
1137 3908 1243 3988 Regeln

143 4002 221 4064 nach
238 4000 291 4063 der
304 4023 456 4083 groessern
471 4006 660 4069 Grammatik
682 4025 740 4069 vnn
755 4004 895 4077 Broeder,
907 4004 969 4067 und
980 4004 1170 4068 erisiaerende
1189 4007 1246 4066 An·
