2714 4696
193 288 238 358 88
365 303 518 354 runicis
541 303 589 353 nr
611 302 845 384 rssrruours
869 304 920 357 nn
942 306 1118 358 rumoso.

196 449 374 516 Multorum
399 447 538 511 aliorum
557 445 689 532 jndicio
711 449 847 533 collegit
867 450 1109 516 eruditissimus
1125 448 1293 532 Arrenius,

238 573 317 639 quae
331 553 445 617 videre
460 552 550 636 apud
565 553 675 636 ipsum
689 560 800 635 potes.
835 552 935 618 Addo
950 555 1096 633 unicum,
1109 555 1211 619 nimis
1227 556 1293 620 dis·

239 675 377 740 crepans
392 675 413 720 a
437 656 565 733 ceteris,
587 655 646 719 sed
661 662 773 719 tamen
787 654 922 738 dignum
937 657 1016 739 legi,
1038 661 1074 721 nt
1082 656 1223 741 liquent,
1245 656 1294 722 nil

238 765 305 826 tam
319 760 401 824 bene
415 756 495 835 dici,
516 762 634 822 utnon
647 757 796 822 inveniat
809 756 1045 822 adversarium.

239 943 424 1013 Scriverius
438 940 482 1005 ad
499 956 555 1004 ιιι.
571 940 638 1023 Ep.
651 937 862 1006 Martialbt).
877 940 935 1005 nbi
948 939 1065 1023 poeta:
1080 937 1135 1016 An
1146 961 1251 1008 aemn-

488 1042 574 1107 latur
586 1043 729 1125 improbi
739 1043 838 1127 jocos
853 1040 999 1108 Phaedri.

229 1181 416 1247 Possuntue
431 1175 540 1258 magis
553 1173 738 1259 decoquere
752 1174 994 1258 dejudicio,nc
1005 1178 1110 1260 magis
1124 1177 1237 1244 lndcre
1251 1178 1293 1244 de

197 1286 268 1352 otio
284 1298 346 1348 suo
360 1279 424 1344 viri
438 1277 543 1353 docti,
566 1278 626 1362 qui
651 1277 855 1354 existimant,
876 1278 1095 1344 fabulatorem
1111 1280 1295 1346 Phaedrum

194 1388 283 1454 nGl.
299 1379 582 1458 Pithoeoeditum,
604 1385 641 1443 et
665 1379 763 1463 cujus
782 1378 931 1444 Avienus
952 1381 1090 1464 quidam
1113 1383 1146 1445 in
1170 1382 1293 1467 praeia-

194 1491 283 1555 tione
299 1485 486 1551 fabularum
501 1499 635 1546 suarum
649 1481 863 1564 AEsopiarum
877 1480 921 1544 ad
936 1480 1164 1547 Tbecdosium
1178 1485 1295 1549 memi-

193 1591 254 1668 nit,
269 1589 358 1652 hunc
375 1582 516 1648 cundem
530 1601 617 1659 esse,
638 1580 680 1644 de
696 1601 763 1664 quo
776 1581 924 1666 loquitur
939 1581 1128 1650 Martialisl
1164 1584 1294 1652 Volunt

193 1710 256 1755 nos
271 1688 403 1753 credere
416 1684 555 1761 scilieet,
570 1683 743 1747 Libertum
754 1680 846 1746 illum
858 1680 1003 1767 Augusti
1015 1686 1162 1753 Gaesaris
1176 1689 1293 1770 inisse,

195 1791 282 1874 stylo
305 1797 405 1872 atque
426 1793 575 1870 tempore
596 1803 707 1868 parem
731 1778 962 1866 proximumve
978 1786 1119 1854 Laberio
1133 1790 1187 1855 vel
1202 1790 1295 1856 Pub·

194 1894 242 1959 lio
272 1891 392 1968 Mimo,
419 1893 452 1953 et
480 1888 626 1971 quidem,
658 1892 817 1971 quantum
842 1887 1125 1973 conjicientem
1152 1892 1293 1958 Tiberio

193 1993 337 2070 uixisse,
373 1994 471 2074 atque
500 1990 689 2073 ade0·post
718 1987 877 2074 Sejanum
906 1989 1108 2057 damnatum.
1168 1993 1294 2076 Nugae.

194 2093 301 2173 Certe,
333 2093 398 2157 nisi
425 2090 637 2156 vehementer
664 2090 773 2168 fallor,
809 2109 885 2156 nevo
923 2092 983 2158 illo
1013 2094 1132 2177 dignus
1162 2095 1294 2161 censeri

192 2195 325 2262 minime
347 2199 460 2277 potest
482 2193 625 2276 scriptor
645 2191 721 2269 iste,
744 2191 854 2257 euicui
877 2194 1011 2258 tandem
1037 2195 1095 2260 ille
1120 2199 1239 2280 alapas
1261 2200 1295 2262 et

191 2298 378 2363 libertatem
392 2295 520 2359 debeat
564 2295 674 2359 Purco
699 2302 897 2377 argumenta
915 2297 1085 2379 sigillatim
1109 2316 1293 2382 apponere,

193 2419 272 2485 qum
305 2418 361 2463 mo
391 2403 537 2476 movent,
560 2404 595 2461 ct
620 2404 746 2480 cogunt
771 2416 924 2464 seorsum
954 2400 1088 2476 sentire,
1110 2399 1294 2484 ioetumqne

194 2500 437 2568 alienissimum
466 2500 680 2583 pronuntiare
705 2499 878 2583 impellunt
905 2498 1038 2581 ajocis
1064 2498 1212 2578 Phaedri,
1234 2520 1294 2565 cu·

188 2603 245 2689 jus
259 2603 315 2668 hic
331 2601 496 2666 Martialis
507 2602 668 2666 meminit.
714 2600 896 2667 Ostendam
915 2601 1057 2666 fortasse
1080 2600 1166 2665 alins
1183 2601 1294 2685 plene,

191 2703 251 2768 ubi
271 2703 373 2768 otium
389 2702 462 2779 erit,
485 2708 518 2764 et
542 2702 673 2765 animus
695 2702 792 2766 istoec
816 2701 936 2766 frivola
958 2700 1191 2785 pertractandi.
1236 2702 1295 2768 Iu·

191 2805 288 2868 terim
314 2804 489 2868 considera
515 2802 608 2879 mihi,
630 2821 707 2886 qnae
747 2803 827 2867 olim
857 2803 1023 2882 Perottus,
1053 2802 1212 2868 Pontifex
1234 2805 1295 2869 Se·

192 2905 347 2990 pontiuns
362 2904 398 2968 in
413 2902 667 2969 Commentariis
696 2904 767 2970 suis
782 2903 826 2969 ad
839 2904 961 2970 librum
976 2920 1001 2969 1.
1025 2904 1193 2972 Martialis
1215 2924 1295 2971 con·

194 3007 340 3090 signavit
364 3005 519 3071 adhunc
542 3006 674 3070 locum:
698 3010 709 3040 ‘
728 3003 820 3083 Quid
843 3012 987 3089 possunt
1009 3005 1140 3072 hederae
1163 3006 1295 3098 Bacchi

193 3107 293 3187 dare,’
323 3113 382 3174 &c
435 3105 572 3187 Allnsit,
602 3107 721 3191 inquit,
760 3106 803 3171 ad
835 3106 995 3185 fabulam,
1033 3127 1133 3191 quam
1160 3127 1222 3173 nos
1249 3127 1294 3173 ex

193 3208 325 3275 Avieno
343 3209 380 3273 in
398 3206 559 3279 ‚Fabellas
573 3212 703 3273 nostras
718 3205 949 3273 adolescentes
972 3208 1120 3274 iambico
1145 3210 1294 3275 carmine

192 3312 435 3391 transtulimus,

387 3412 478 3480 Olim
500 3431 586 3497 quas
610 3411 730 3478 vellent
750 3431 828 3478 esse
850 3411 886 3475 in
902 3411 1006 3477 tntcla
1027 3431 1109 3478 suo:

190 3519 228 3579 ct
251 3535 327 3598 qum
351 3519 532 3598 sequnntur
545 3513 593 3580 ibi
617 3514 698 3579 totis
722 3512 901 3578 duodecim
925 3513 1091 3593 versibus,
1111 3518 1144 3579 et
1164 3512 1295 3597 liniunt,

316 3613 394 3679 Nisi
407 3614 490 3679 utile
503 3620 568 3694 est,
583 3613 677 3698 quod
691 3613 849 3694 iacimus,
864 3613 966 3678 stulta
979 3621 1032 3681 est
1046 3614 1172 3698 gloria:
1310 3617 1312 3620 ⁴

193 3735 270 3801 quae
284 3715 460 3797 ipsissima
471 3713 606 3782 Phaedri
621 3716 709 3781 illins
727 3719 804 3780 snut
819 3735 842 3780 a
855 3714 988 3782 Pithoeo
1003 3717 1158 3802 primum,
1167 3722 1202 3783 ot
1215 3725 1297 3802 port

193 3836 216 3881 a
230 3814 466 3896 Rittershusio,
481 3814 645 3903 Rigaltio,
661 3821 764 3901 atque
787 3815 863 3881 oliis
877 3816 970 3900 editi,
983 3819 1136 3903 notisque
1148 3823 1185 3899 et
1198 3817 1298 3886 sobo·

191 3917 247 3984 liis
260 3916 431 3988 illustrati,
480 3915 605 3986 Extant
616 3917 674 3986 lib.
690 3933 745 3984 ιιι.
758 3915 825 3984 sab.
838 3917 893 3984 18.
