2714 4696
364 323 558 375 nncensua
585 324 799 374 corrrounu
826 324 990 377 ennom.
1152 308 1216 376 781
1324 322 1330 330 ·

170 478 246 541 1775
261 472 317 531 [ιο
326 469 431 532 Fablea
445 472 484 532 de
494 473 609 533 Pbedre
623 492 660 534 en
675 472 769 545 latin,
784 471 952 551 nuxqueiiea
966 491 1005 532 ou
1019 493 1035 532 e
1043 472 1123 549 joint
1131 473 1220 535 ceiiea

123 565 166 624 de
177 566 206 624 la
220 566 359 626 Fonteiae
373 578 403 626 et
417 567 469 626 den
483 577 581 628 autres
595 567 769 637 Fabuiirtea,
784 568 835 646 qui
851 587 870 645 y
884 577 936 626 ont
958 568 986 627 ie
999 569 1067 647 plna
1091 569 1129 629 de
1151 587 1219 647 rep·
1324 604 1328 612 ·

126 669 208 736 port.
221 661 311 720 Pario.
329 663 521 722 12.—Editor
534 673 579 722 eat
592 665 627 723 L.
642 662 678 723 P.
693 664 802 723 Couret
817 663 855 723 de
869 663 1047 723 Videneuve.

166 786 209 799 -
221 755 339 814 Pbaedri
353 756 482 828 Febnlae,
493 776 562 816 oum
586 757 725 837 Append.
749 772 876 817 xxxiv.
903 758 995 818 Febb.
1007 758 1220 835 Norimbergoe,

127 867 164 906 ex
178 848 256 910 offic.
273 849 383 926 Riegel.
401 860 447 912 12.

169 945 339 1004 -Pnaedri
362 946 491 1018 Fabulae,
515 966 582 1007 cunr
607 950 848 1009 annotationibus
873 949 910 1008 ad
939 969 1024 1008 urum
1047 949 1223 1008 scholarum.

130 1037 288 1098 Accedunt
301 1040 408 1099 tabule
422 1040 538 1101 Graecae
552 1042 665 1101 latinia
675 1045 898 1122 respondentes.
921 1045 1059 1104 Venetiia.
1074 1052 1115 1105 at
1128 1042 1197 1119 maj.

173 1134 252 1204 1776
271 1136 387 1194 Phaedri
408 1137 539 1206 Fabuire,
559 1156 627 1197 cum
641 1138 757 1216 Sylloge
774 1140 995 1211 vocabulorum,
1019 1140 1180 1218 pbraainrn,
1195 1146 1226 1198 et

130 1229 350 1302 cententiarum,
364 1251 419 1308 per
427 1234 476 1293 Jo.
492 1234 558 1293 Juc.
574 1232 693 1294 Sobatr.
709 1233 902 1306 francofurti,
921 1235 1001 1312 npnd
1024 1237 1172 1296 Broenner.
1195 1243 1225 1295 a.

131 1324 261 1384 -Cond
276 1344 325 1386 an.
343 1323 431 1393 1746.

173 1452 213 1464 -
228 1420 293 1480 Lat.
307 1429 337 1480 et
351 1423 436 1500 degi.
452 1424 610 1502 interprete
620 1425 723 1485 Franc.
738 1424 856 1485 Fowbe.
871 1424 1007 1485 Londini.
1024 1433 1052 1485 8.

173 1515 342 1575 -Selecta
363 1536 399 1574 er
414 1518 531 1577 Phaedri
552 1519 670 1590 fabuiia,
694 1538 808 1579 necnon
829 1539 866 1579 ex
889 1522 957 1579 Vet.
981 1521 1064 1580 Teet.
1089 1520 1118 1579 in
1143 1537 1228 1577 naum

130 1608 272 1667 classium
286 1610 468 1672 inferiorum.
484 1613 596 1684 Etonoe,
610 1633 673 1673 exc.
684 1614 712 1673 J.
726 1616 810 1673 Pote.
827 1625 873 1676 12.

176 1736 216 1748 -
229 1723 297 1762 cum
311 1706 387 1764 notia
402 1709 507 1767 Germ.
520 1709 584 1769 Em.
595 1709 715 1769 sinceri.
731 1712 874 1787 Auguetre
890 1710 977 1769 Viod.
992 1720 1021 1772 8.

178 1805 255 1867 1777
276 1800 393 1860 Phaedri
403 1803 533 1863 Fabulae.
556 1806 599 1863 Er
612 1804 744 1864 editione
758 1805 821 1864 lac.
837 1805 949 1865 Beden.
964 1804 1090 1866 Heinire.
1106 1813 1135 1865 8.

178 1903 255 1962 1778
277 1896 393 1956 Phaedri
418 1899 547 1967 Fabulae,
569 1917 635 1957 cunr
651 1899 768 1958 reiectio
783 1899 927 1960 variorum
941 1909 1096 1960 auctorum
1111 1898 1229 1970 fabulis,

132 2000 167 2050 et
179 1990 251 2049 locis
269 1990 308 2049 ad
332 1992 408 2052 idem
422 2013 513 2071 genua
527 1994 753 2073 pertinentibus,
775 1994 814 2054 ad
837 2015 920 2055 naum
941 1995 1046 2056 nobilia
1064 1994 1231 2072 juventuti·

134 2087 216 2163 regio
229 2095 327 2146 sumtu
340 2086 492 2148 institutae.
508 2090 637 2161 Parisiis,
651 2088 731 2166 apud
749 2090 847 2167 Nyon.
857 2100 902 2156 ,12
920 2090 988 2167 maj.

177 2215 218 2227 -—
230 2201 298 2242 cnm
311 2183 441 2244 vernone
461 2182 565 2242 ltaiiea
587 2183 656 2242 Seb.
669 2182 816 2258 Zappalre.
832 2183 955 2242 Catium
983 2182 1161 2244 rn-conf.
1179 2201 1230 2242 an.

145 2275 235 2343 1766.

178 2394 298 2433 -cum
321 2377 398 2435 notie
422 2377 578 2446 variorum,
608 2387 730 2437 curante
752 2379 831 2436 Petr.
859 2375 1037 2432 Burmanno.
1061 2370 1161 2430 Editio
1184 2386 1233 2430 ιν.

138 2470 332 2534 emendatior.
355 2474 493 2554 Lugduni
508 2476 576 2534 Bet.
591 2474 673 2553 apud
698 2477 778 2535 Sum.
793 2482 822 2532 et
837 2473 883 2532 Jo.
900 2469 1091 2528 Lucbtnrana.
1108 2474 1137 2526 8.
1158 2467 1232 2543 maj.

179 2586 301 2626 -cum
317 2569 396 2627 notia
410 2571 511 2628 Germ.
527 2571 591 2629 Em.
604 2570 725 2630 Sinceri.
742 2573 884 2647 Auguatae
898 2563 987 2623 Vind.
1004 2571 1033 2622 8·

179 2693 220 2705 -—
232 2661 349 2720 Pbaedri
375 2664 494 2724 relectae
522 2664 643 2724 Fabulae
671 2665 700 2723 in
730 2684 814 2724 uautn
842 2662 1011 2723 acboiarum
1040 2656 1233 2734 belgicarum.

141 2755 295 2815 Bruxellie.
313 2766 349 2817 12
372 2759 443 2834 maj.

181 2885 220 2896 -
235 2850 352 2910 Phaedri
367 2853 496 2922 Faberio,
510 2874 546 2913 ex
568 2855 736 2915 recensione
759 2856 837 2914 Petr.
853 2852 1022 2915 Bnrmeoni.
1039 2850 1165 2912 Accedit
1182 2869 1236 2910 no·

140 2965 240 3006 varum
254 2946 416 3007 fabularum
431 2950 601 3028 Appendin.
622 2952 816 3028 wirceburgi,
830 2970 880 3028 ep.
894 2951 923 3010 J.
938 2950 966 3009 J.
982 2948 1092 3008 Stabei.
1110 2956 1157 3008 12.

180 3074 221 3087 -
234 3043 348 3103 Pbaedri
374 3046 505 3116 Fabulae,
526 3067 562 3106 cx
588 3065 647 3107 rec.
671 3046 841 3106 Bnrmanni
864 3042 1076 3118 Norinrbergoe,
1100 3060 1137 3100 ex
1157 3038 1236 3100 offic.

142 3135 254 3215 Riegel.
270 3148 287 3199 8
303 3140 374 3199 min.
390 3160 414 3199 a.
430 3150 477 3201 12.

181 3232 312 3293 -ldem
328 3234 413 3295 liber.
429 3235 520 3296 flate.
542 3246 588 3298 12.

190 3337 269 3399 1779
290 3330 408 3390 Phaedri
430 3341 461 3392 et
489 3333 532 3391 Fi.
560 3331 666 3392 Aviani
694 3332 825 3402 Fabulae,
853 3348 922 3390 cum
935 3325 1172 3388 annotationibus
1198 3323 1239 3385 od

143 3443 230 3483 naum
244 3426 387 3490 Seminar.
402 3430 467 3490 Pet.
486 3430 608 3500 Patavii,
623 3431 701 3509 typia
715 3427 875 3487 Seminarii.
892 3435 938 3486 12.

183 3554 224 3566 —
238 3522 357 3582 l'baedri
371 3525 547 3584 Fabniarnm
562 3525 641 3584 Libri
664 3541 695 3584 v.
718 3525 805 3585 Nova
827 3520 930 3592 editio,
952 3518 1098 3597 prioribus
1121 3533 1240 3575 accurr-

141 3613 211 3674 tior.
234 3617 396 3688 Avenione,
423 3639 460 3677 ex
484 3628 603 3697 typogr.
629 3620 749 3680 Antonii
769 3618 883 3696 Offroy.
909 3615 1128 3676 rn-'renum
1154 3611 1242 3671 babet

143 3709 205 3769 eine
215 3711 304 3771 notia.
318 3711 403 3773 Ordo
418 3714 646 3775 constructionis
660 3734 715 3793 per
729 3733 873 3784 numeros,
889 3710 1012 3788 cingulis
1026 3706 1179 3769 vocabulis
1188 3706 1242 3766 im·

143 3805 264 3882 potitor,
278 3817 400 3868 notatus
413 3818 468 3869 eet.

183 3933 224 3945 -
238 3902 354 3963 Pbaedn'
375 3905 496 3966 selectae
513 3905 632 3966 Fabulae
645 3909 800 3983 (xxxin.)
812 3903 851 3964 ad
876 3923 961 3964 nsum
987 3900 1162 3962 scholarum.
1187 3900 1240 3960 Se·

142 3995 237 4059 iectaa
260 3997 450 4078 interpretum
469 4001 733 4063 animadversiones
748 4019 872 4079 suamne
893 3999 1005 4075 adjecit
1024 3997 1115 4058 Henr.
1130 3998 1240 4057 Braun.
