2714 4696
202 330 269 402 714
445 340 641 399 narsaeus
665 338 885 398 anrrrorrurr
908 343 1074 402 enonas.

203 496 312 562 witot.
328 497 543 571 8.-Axenius,
559 516 629 558 curu
644 495 769 570 rideret,
794 491 939 561 editiones
963 498 1085 582 Rigaltii
1101 500 1179 564 duas
1201 503 1310 582 priores

203 616 269 660 esse
282 595 402 656 inventu
414 592 562 667 difficiles,
575 603 660 654 notus
675 590 740 672 ejus
753 593 793 655 sd
809 595 885 656 banc
899 604 930 657 et
954 597 1033 658 illam
1056 597 1196 676 adjectas
1216 593 1310 661 denuo

202 693 233 754 in
247 696 346 754 lucem
371 691 486 762 emisit;
508 701 599 770 atque
621 689 666 750 bis
691 690 825 752 exornari
846 688 966 754 1111181
986 693 1127 756 illustrari
1149 696 1307 757 Phaedrum

202 799 294 862 ratus,
309 788 381 848 nibil
395 788 457 849 sere
470 808 506 849 ex
520 809 552 848 se
565 786 702 860 contulit,
716 787 772 848 nisi
787 787 869 868 quod
888 787 997 850 librum
1010 790 1160 853 duntaxat
1185 780 1306 871 primum

202 884 468 958 observationibus,
489 904 547 945 non
559 884 710 945 ineruditis
723 885 853 965 quidem,
868 884 922 947 sod
935 884 975 946 ad
1000 906 1111 948 meram
1133 888 1307 969 plerumque

202 982 393 1063 philologiam
408 982 623 1062 spectantibus,
635 977 790 1059 explanare
800 980 966 1042 tentaverit.
986 983 1159 1044 Desbillons
1170 983 1305 1065 pxiiii.

203 1080 254 1142 ed.
267 1079 393 1140 Mannb.
836 1118 859 1157 ,4

246 1173 324 1246 1672
345 1172 464 1234 l'boedri
479 1172 608 1245 Fabulae,
621 1171 745 1235 exTan.
760 1170 849 1234 Fabri
859 1183 889 1234 et
899 1173 1027 1234 bominis
1037 1175 1199 1254 cujusdam
1208 1177 1307 1238 literati

203 1271 385 1343 recensione,
399 1269 500 1332 addita
514 1272 654 1342 versione,
666 1269 809 1350 (Belgica,
834 1279 870 1331 ut
883 1270 996 1331 ridetur
1005 1273 1028 1348 ;)
1047 1272 1178 1335 Soboliis
1192 1293 1305 1354 quoqoe

200 1369 323 1442 additis,
337 1376 369 1430 et
381 1362 417 1429 P.
432 1368 498 1447 Syri
510 1367 678 1439 Sententiis,
692 1367 722 1427 in
734 1387 817 1428 usum
831 1368 948 1448 Gymn.
962 1368 1061 1450 Lugd.
1082 1367 1152 1433 But.
1174 1370 1306 1451 Lugduni

201 1467 270 1528 aar.
289 1465 369 1545 apud
383 1464 443 1524 vid.
458 1463 497 1526 de
511 1464 715 1545 Cbarpentier.
732 1471 762 1526 8.

245 1561 323 1634 1673
345 1560 434 1622 Fabri
445 1576 501 1621 111.
523 1556 640 1621 Pboedri
655 1558 786 1632 Fabulae,
808 1577 876 1619 cum
900 1558 979 1620 notis
999 1568 1031 1620 et
1052 1560 1306 1625 emendationibus

199 1659 278 1721 aaa.
298 1657 398 1720 Fabri.
420 1655 532 1718 Addita
545 1664 590 1716 est
605 1643 724 1715 G'allica
737 1653 832 1714 rersio
844 1653 972 1731 (Albini,
986 1675 1014 1716 s.
1029 1658 1071 1716 ls.
1085 1656 1115 1716 le
1137 1658 1250 1720 Maltre
1270 1657 1305 1719 de

202 1757 293 1836 Saoy)
303 1765 334 1816 et
347 1754 376 1813 iu
391 1773 455 1816 eam
470 1751 746 1813 animadversiones.
763 1749 911 1822 Salmurii,
924 1770 975 1830 sp.
992 1751 1176 1815 Desbordes.
1193 1764 1243 1817 12.

242 1887 284 1898 -
294 1848 437 1911 Sobefferi
453 1864 510 1910 111.
530 1845 650 1908 Plraedri
665 1844 846 1906 fabularum
859 1846 964 1926 AEsop.
983 1847 1067 1908 Libri
1081 1865 1115 1911 V.
1136 1871 1209 1913 com
1222 1871 1306 1913 anao-

202 1947 365 2010 tatiouibur
378 1947 427 2007 Jo.
440 1942 583 2003 Scbefferi
596 1951 626 2002 81
641 1942 751 2002 Franc.
765 1932 880 2022 Goyeti
893 1941 982 2004 notis.
997 1942 1099 2006 Editio
1113 1949 1214 2021 tertia,
1235 1947 1306 2029 prio·

199 2043 283 2107 ribus
296 2040 478 2103 emendatior
489 2048 520 2100 et
539 2038 665 2099 auctior.
691 2040 740 2099 ¹ln
755 2058 813 2119 qua
822 2032 961 2120 jungitur
972 2039 1179 2123 interpretatio
1193 2045 1306 2107 Gallina

202 2159 268 2202 cuns
282 2139 373 2208 notia,
401 2146 432 2198 et
445 2134 538 2196 ludex
554 2133 675 2195 Latinus
697 2133 871 2196 uberrimus.
895 2135 1071 2219 llamburgi,
1086 2150 1181 2202 sumt.
1195 2142 1305 2203 Gotho

199 2237 275 2301 {redi
290 2235 459 2297 Scbultaen.
475 2242 505 2297 8.
1287 2236 1292 2245 '

246 2332 322 2406 1675
344 2331 461 2393 Pbsidri
476 2333 553 2410 Aug.
574 2329 641 2390 Lib.
662 2326 840 2391 fabularum
855 2332 955 2411 AEsop.
978 2331 1061 2393 Libri
1075 2348 1110 2393 v.
1131 2327 1304 2416 interpreta-

201 2433 283 2493 tione
296 2439 329 2492 et
343 2428 420 2492 notis
435 2426 590 2489 illustravit
604 2425 683 2487 l'etr.
707 2427 814 2498 Danet,
840 2427 1048 2490 Academicus.
1061 2429 1154 2491 lussu
1171 2432 1304 2493 christia·

203 2527 314 2588 nissimi
323 2524 425 2607 Regis,
441 2524 471 2585 in
487 2543 571 2585 usum
587 2524 651 2584 Ser.
661 2521 815 2601 Delphini.
831 2523 957 2597 Parisiis,
969 2523 1050 2604 apud
1063 2524 1145 2585 Frid.
1162 2528 1301 2590 leonsrd.

202 2623 375 2686 s.-Editio
395 2622 443 2682 vix
457 2621 557 2699 aliqua
571 2640 608 2679 ex
621 2626 705 2698 parte
719 2619 973 2692 commendabilis,
979 2620 1088 2698 judice
1103 2622 1292 2685 Desbillonio.

241 2754 282 2765 -
292 2716 410 2778 Phaedri
421 2716 541 2776 Fabulae
554 2717 683 2788 selectae,
698 2716 828 2776 curalo.
844 2717 965 2777 Vorstii.
982 2719 1016 2777 ln
1030 2719 1134 2778 roem.
1150 2730 1214 2781 vet.
1228 2721 1301 2780 Poer.

201 2816 268 2876 Lat.
280 2834 346 2893 pag.
363 2819 432 2882 287.
448 2812 555 2890 Lipsiae
572 2811 661 2882 1675.
676 2813 825 2874 8.-811111
835 2812 900 2873 Lib.
919 2830 942 2874 1.
957 2811 1019 2872 fab.
1038 2823 1099 2876 1·8.
1115 2815 1186 2877 Lib.
1202 2833 1235 2878 V.
1249 2816 1300 2878 lab.

202 2920 232 2974 5.
245 2921 277 2982 7.
292 2920 339 2972 1ο.
360 2910 479 2972 Additae
493 2918 571 2970 notae
586 2908 699 2981 breves,
714 2909 814 2992 doptae
828 2917 860 2970 et
873 2909 1042 2970 luculente.

243 3006 322 3077 1676
343 3007 497 3080 Phaedrus,
512 3026 581 3067 cum
596 3007 729 3068 versione
741 3005 820 3068 Gall.
835 3005 946 3067 Albini.
960 3005 1089 3067 Parisiis.
1114 3015 1168 3069 12.

243 3106 322 3176 1678
344 3105 464 3167 Plraedri
477 3104 608 3166 Fabulae.
630 3103 857 3165 Amstelodami.
882 3110 930 3164 12.

243 3200 322 3276 1679
344 3202 459 3263 Phaedri
474 3202 650 3263 fabularum
673 3202 776 3280 AEsop.
799 3199 881 3260 Libri
894 3215 927 3260 1.
949 3220 987 3260 ex
1011 3201 1187 3263 recensione
1209 3200 1300 3262 cura

200 3301 284 3381 topb.
298 3301 396 3360 Wnse.
438 3297 575 3360 Londini.
597 3294 817 3375 8.-Repetitio
830 3295 878 3356 ed.
896 3293 986 3358 1668.

242 3396 319 3458 1685
341 3394 459 3457 l'lraedri
474 3395 570 3455 Fabb.
593 3397 696 3472 AEaop.
718 3391 798 3452 Libri
813 3408 844 3451 ν.
859 3391 1091 3452 incommodum
1104 3392 1218 3474 lingue
1232 3392 1300 3453 Lati

199 3515 248 3555 nae
259 3493 385 3554 tironum
396 3492 496 3566 editae,
511 3501 542 3552 81
555 3491 645 3565 notis,
660 3489 753 3552 cuivis
767 3490 877 3551 fabulae
896 3489 1034 3569 adjectis,
1049 3490 1145 3570 iisque
1156 3492 1300 3561 brevibus,

200 3589 362 3652 admodum
376 3587 548 3649 necessariis
562 3607 598 3648 ac
611 3585 784 3667 perspicuis,
800 3585 953 3648 illustratae
966 3607 984 3647 a
996 3588 1045 3647 lo.
1067 3587 1150 3647 Frid.
1165 3588 1301 3658 Koebero,

197 3685 239 3748 ill.
255 3687 402 3747 Rutbenci
418 3686 553 3746 Rectore.
574 3687 665 3755 Jeuae,
681 3702 730 3761 ap.
745 3681 858 3743 Biellre.
881 3692 930 3744 12.

242 3782 321 3843 1686
342 3780 496 3854 Phaedrus,
511 3779 613 3840 Latine
625 3789 655 3839 81
667 3778 795 3839 Gallice.
817 3778 983 3858 Rotomagi,
997 3780 1079 3858 apud
1094 3779 1241 3841 Herauld.
1257 3787 1302 3840 11.

241 3875 319 3943 1687
335 3877 475 3938 Schefferi
491 3893 536 3937 rr.
556 3875 675 3937 Phaedri
698 3874 827 3949 Fabulae,
854 3895 922 3936 cum
935 3877 984 3937 Jo.
999 3876 1144 3937 Sobefferi
1157 3886 1188 3938 et
1201 3879 1303 3938 Fraoe.

199 3972 314 4050 Guyeti
334 3974 572 4034 annotationibus
596 3984 627 4036 et
648 3971 886 4052 interpretatione
913 3971 1041 4034 Gallica.
1061 3968 1303 4054 Editio'quaru,

201 4066 328 4128 auctior.
343 4068 365 4127 F
367 4071 539 4132 rancofurti.
562 4080 591 4133 8.

244 4160 323 4227 1688
344 4164 461 4228 Phaedri
475 4170 551 4246 Aug.
571 4168 649 4231 Coes.
670 4167 737 4229 Lib.
753 4166 929 4231 Fabularum
939 4168 1043 4249 AEsop.
1057 4165 1143 4230 Libri
1157 4182 1190 4230 1.
1212 4167 1302 4229 loter-
