2714 4696
122 333 188 400 308
235 390 242 399 ,
306 348 500 397 srrnunrx
527 350 606 397 rau.
631 347 870 399 nsormuus.
895 348 975 398 ran.
997 332 1052 399 34.

125 494 249 558 Redire
264 502 375 558 tamen
389 494 453 558 hac
467 494 539 576 lege
555 494 589 557 in
604 494 744 575 gratiam
760 492 850 571 volo,

125 594 260 658 Securis
275 614 441 679 nunquam
453 593 588 679 perfidae
603 594 634 657 si
649 593 866 658 meminerim.

167 694 353 777 Suspectus
368 715 443 761 esse
459 695 570 773 debet,
586 696 645 778 qui
659 695 750 760 loesit
762 695 876 773 semel,

124 796 169 866 Et
183 802 278 861 caute
293 817 422 881 semper
436 798 626 880 integranda
640 798 759 880 gratim

536 1107 804 1140 a

506 1357 664 1416 FABULA
700 1356 843 1417 XXXIV.
863 1424 865 1429 ¹

417 1588 604 1669 AQurun
638 1588 699 1652 aa
733 1589 930 1656 suevus,

126 1833 170 1896 ΙΝ
187 1851 280 1896 ramo
297 1830 399 1895 tristis
414 1829 546 1894 sederat
559 1848 634 1893 curn
651 1829 759 1894 Miluii

125 1932 263 2015 Aquila.
310 1929 403 2008 Quid
421 1929 512 1993 vultu
526 1935 559 1994 te
574 1935 642 1993 tam
657 1936 779 1994 moesto
795 1929 924 1996 Miluiis

125 2031 330 2115 Conspicioi
374 2030 515 2109 Quaero,
539 2031 626 2096 dixit
639 2031 708 2109 illa,
725 2032 902 2116 conjugem

125 2134 256 2210 Parem,
271 2151 331 2196 nec
345 2131 492 2195 invenire
506 2150 654 2214 possum.
700 2131 759 2195 Me
773 2135 902 2217 accipe,

30 2232 35 2240 ’
125 2234 176 2298 Te
191 2234 296 2298 multo
311 2235 370 2318 qui
386 2252 459 2297 sum
474 2231 598 2298 fortior.
645 2231 760 2310 Quint
783 2254 825 2298 an
839 2241 935 2319 potes

125 2335 180 2399 Ex
193 2341 289 2418 rapto
303 2338 428 2400 victum
444 2335 617 2417 quaereret
663 2332 840 2417 Unguibus
853 2338 935 2400 meis

124 2436 437 2501 Struthiocamelum
452 2436 549 2518 rapui
565 2455 722 2520 prensum
736 2438 873 2520 saepius.

125 2539 265 2603 Inducta
281 2538 390 2602 verbis
404 2535 531 2620 Aquila
547 2538 723 2623 conjugem
739 2539 842 2621 capit

125 2639 236 2702 Parvo
252 2645 329 2722 post
341 2637 477 2719 nuptias
493 2643 665 2702 transacto
680 2643 827 2721 tempore

125 2735 271 2821 Aquila:
296 2736 376 2815 Abi,
392 2744 425 2802 et
438 2740 588 2821 praedam
604 2740 803 2823 promissam
818 2739 898 2803 mihi
913 2759 1000 2824 rape.

124 2837 256 2901 Volane
271 2839 303 2901 in
318 2838 432 2914 altum,
445 2837 587 2901 soricem
602 2838 902 2901 immundissimum

127 2938 170 3002 Et
184 2939 283 3019 longo
298 2937 427 3002 Miluiis
442 2937 537 3002 affert
550 2937 720 3021 putridum
735 2938 813 3001 situ.

126 3040 259 3104 Haecne
271 3045 322 3103 est
337 3039 489 3122 polliciti,
504 3037 628 3122 Aquila
644 3038 743 3117 dixit,
758 3038 843 3103 fides
858 3039 930 3104 tuit

128 3141 192 3205 Cui
209 3141 353 3206 Miluiis:
377 3141 459 3224 Ege,
480 3147 517 3202 ut
530 3139 732 3222 pervenirem
748 3140 883 3222 nuptias

126 3243 181 3308 Au
199 3244 318 3325 regias,
333 3241 414 3305 nihil
428 3260 492 3304 non
507 3260 607 3323 posse
624 3261 677 3304 me
693 3240 792 3305 fidem

131 3345 317 3421 Dedissem‚
333 3341 486 3425 quamvis
500 3361 554 3405 me
568 3341 704 3425 nequire
717 3342 875 3406 noverim.

171 3445 240 3523 Qui
253 3466 290 3510 se
304 3446 443 3530 majores
455 3443 571 3526 cupidi
588 3449 741 3526 quaerunt
757 3443 931 3526 conjuges,

127 3546 249 3611 Dolent
264 3547 398 3629 decepti
413 3567 448 3609 se
464 3552 541 3628 pust
550 3545 687 3628 junctos
705 3547 838 3612 vilibus.

624 3709 731 3760 NOTAE

379 3804 452 3854 Seius
472 3804 556 3857 Auen.
575 3809 654 3856 nti.
673 3805 750 3856 habet
769 3806 835 3857 harre
855 3805 983 3861 fabellam.
