2730 4688
136 274 183 343 tt
459 296 469 312 ’
622 294 626 303 <
667 284 756 337 rm

139 432 352 509 aetnam
366 430 425 498 ein·
435 431 638 517 poetiscbes,
649 432 754 498 durch
767 431 823 497 die
833 431 1036 516 ngenwart
1048 430 1107 497 der
1122 430 1248 499 Muses

138 535 363 619 bagiinstigtos
379 534 487 611 land,
497 535 591 600 stellt
602 554 640 598 er
654 555 698 599 an
713 536 767 600 die
779 535 904 618 spitze.
931 532 1106 599 Zuuiicbst
1116 533 1248 600 kdmmt

138 657 177 704 er
200 636 263 701 aus
279 637 371 701 seine
397 637 586 717 [tuisburcg.
603 642 613 670 ‘
629 640 662 701 in
688 639 761 719 ipsa
777 644 874 700 natus
901 656 998 719 paene
1013 634 1166 715 schola3'
1188 635 1252 702 eut

136 742 251 805 seinen
266 737 456 815 Charakter,
472 738 529 801 der
544 737 662 802 keineu
678 758 744 801 von
761 738 827 802 den
846 736 994 802 Flecken
1014 737 1086 813 bet,
1109 736 1164 801 die
1183 739 1247 804 mit

136 841 203 906 den
232 839 505 905 Musenkiinsten
527 835 771 921 unvertriiglicb
803 840 887 905 sind.
946 838 1029 902 Man
1058 839 1141 920 gebe
1165 837 1246 905 dem

136 948 249 1008 ersten
258 941 364 1007 -Satze
380 944 455 1005 eine
471 941 737 1023 metaphoriscbe
752 942 960 1025 Bedeutung,
974 940 1044 1004 und
1058 938 1115 1003 die
1137 959 1245 1023 gauzo

136 1043 344 1125 Anordnung
360 1043 417 1107 der
430 1040 621 1107 Gedunken
637 1043 683 1105 ist
696 1040 856 1106 serstort?

181 1145 262 1225 Quo
277 1165 377 1220 anno,
392 1145 512 1229 quibus
528 1145 723 1228 parentibus
736 1151 838 1209 natus
856 1145 901 1209 sit
923 1142 1108 1222 Pbaedrus3
1131 1149 1242 1209 utrum

135 1267 231 1326 cusu,
260 1267 303 1312 an
330 1255 420 1313 sorte
440 1247 613 1313 'nascendi
642 1247 754 1311 factus
777 1246 822 1309 sit
851 1263 979 1322 servus,
1008 1243 1147 1308 definire
1174 1264 1247 1310 nen

135 1349 265 1416 audeo:
288 1357 514 1414 verumtamen
538 1347 767 1431 conjecturam
793 1348 940 1412 virorum
967 1347 1243 1412 doctissimorum

135 1450 273 1525 cilentio
298 1451 552 1533 pretermittere
579 1449 769 1514 nonlicet.
817 1447 903 1513 Cum
931 1449 1021 1514 enim
1048 1447 1244 1514 Suetoniusq

133 1558 255 1631 narret,
274 1550 314 1615 C.
327 1551 519 1630 Octavium,
541 1549 686 1633 Augusti
709 1556 850 1634 patrem,
874 1551 1088 1617 Macedoniae
1110 1552 1243 1617 Proeto-

136 1673 221 1732 rena,
235 1654 365 1719 Bessos
379 1673 420 1719 ae
434 1653 585 1718 Threces
600 1672 720 1735 magno
741 1651 872 1718 fudisse
892 1655 1032 1737 praelio:
1056 1652 1245 1738 conjiciunt

133 1754 221 1834 biuc,·
236 1758 393 1840 potuisse
407 1756 555 1833 evenire,
569 1761 605 1819 ut
619 1755 784 1821 Pbaedrus
803 1776 879 1820 cum
901 1756 978 1821 aliis
1000 1756 1146 1839 captivis
1168 1752 1243 1818 Ro·

133 1877 221 1922 mam
245 1859 443 1924 duceretur.r
486 1857 596 1923 Hisce
619 1865 731 1924 autem
759 1860 891 1943 positis,
914 1859 1096 1925 Pbcedrum
1118 1861 1242 1941 putant

132 1962 255 2044 paucis
286 1967 361 2025 ante
384 1961 479 2024 annis
503 1968 616 2026 nutum
637 1982 724 2039 esse,
751 1981 851 2045 quam
876 1961 944 2026 Jul.
968 1960 1086 2026 Caesar
1107 1976 1241 2023 summa

133 2046 295 2146 potir'etur
319 2063 474 2146 imperii.⁵
517 2062 648 2129 Eodem
663 2064 752 2128 enim
780 2082 880 2141 anno,
896 2082 966 2146 quo
990 2061 1143 2126 Thraces
1163 2059 1241 2124 iusi

131 2169 223 2242 sunt,
238 2162 283 2242 Q.
299 2163 418 2229 Cicero
440 2163 503 2229 fuit
525 2163 711 2230 Proconsul
733 2163 841 2241 Asiae,
859 2164 976 2229 Caesar
990 2169 1100 2228 autem
1115 2159 1240 2227 Romae

131 2264 234 2347 gessit
248 2263 479 2330 consulatum!
521 2265 610 2345 Quae
632 2266 767 2350 quidem
790 2267 988 2350 conjectura
1001 2266 1073 2330 veri
1096 2282 1167 2328 non
1187 2268 1241 2330 est

131 2367 263 2444 similis,
278 2374 370 2432 recte
385 2368 582 2432 observante
597 2366 757 2432 Fabricio
767 2376 792 2449 ;“
806 2367 964 2450 quoniam
976 2368 1060 2431 inter
1073 2364 1240 2448 Caligulas

129 2469 305 2552 imperium
317 2475 351 2533 et
365 2469 449 2532 illud
465 2476 610 2552 tempus,
633 2489 703 2553 quo
726 2469 767 2535 G.
780 2469 944 2535 Octavius
965 2468 1114 2533 'Ibraces
1134 2465 1239 2544 fudit,

131 2571 339 2635 intercedunt
353 2571 443 2652 ptus,
460 2590 560 2654 quam
577 2587 674 2636 axx.
689 2571 780 2637 anni.
825 2571 947 2650 Quid't
965 2568 1056 2653 quod
1071 2568 1240 2635 Pbaedrua

129 2677 285 2754 regnante
300 2668 444 2736 Claudio
458 2671 570 2736 adbuc
586 2672 727 2748 vixisse,
738 2678 773 2735 et
787 2674 917 2752 aliquot
931 2672 1118 2735 fabularum
1132 2669 1239 2735 libros

130 2773 361 2855 composuisse
383 2772 523 2849 videtur,
544 2779 584 2838 ut
604 2792 625 2835 e
646 2772 865 2855 sequentibus
890 2772 1067 2836 constabit
1112 2770 1238 2855 Neque

130 2872 287 2938 dissentit
307 2893 329 2937 a
350 2875 449 2938 nobis
472 2874 714 2952 Desbillenius,
738 2872 837 2957 cujus
863 2873 990 2957 placita
1008 2892 1075 2937 non
1088 2873 1239 2938 alienum

130 2974 259 3041 ridetur
284 2977 349 3042 boc
376 2978 455 3044 loco
482 2995 745 3045 commemorare
755 2984 779 3042 :¹
825 2976 984 3044 ‘Etenim
1013 2977 1078 3042 hoc
1106 2974 1236 3062 puoto:

597 3216 600 3222 -
627 3191 737 3244 sore
848 3152 850 3156 Α

165 3331 177 3367 t
196 3323 262 3390 Aug.
275 3339 334 3390 cup.
343 3330 368 3376 t.
734 3325 744 3359 ⁸
757 3323 864 3376 crusius
874 3324 892 3374 1.
904 3337 928 3374 c.
940 3337 967 3387 p.
979 3324 1037 3372 8⁴⁸.
1049 3319 1159 3370 Sueten.
1169 3317 1235 3372 Oct.

162 3401 223 3453 tv.
241 3401 389 3455 flebcffernr
416 3401 443 3453 in
462 3401 518 3452 vu.
536 3401 660 3452 Pbaedri:
700 3416 761 3467 esp:
772 3405 798 3452 t.

128 3475 416 3530 amanuensium...
426 3479 661 3542 devicetSeripa
733 3484 746 3511 ¹
761 3476 831 3528 Bibl.
852 3478 910 3527 ht.
922 3480 943 3525 t.
955 3486 988 3525 u.
1007 3487 1034 3537 p.
1047 3476 1089 3522 id.
1101 3470 1175 3522 Edit.
1186 3472 1236 3522 Er·

128 3551 246 3617 Pboedri,
259 3555 322 3605 edit.
342 3555 366 3604 in
387 3555 455 3605 Nor.
468 3553 561 3604 Acerr.
572 3554 660 3604 Philo·
700 3559 767 3603 nest

129 3629 182 3694 tog.
193 3629 257 3680 1121.
269 3636 343 3682 lm.
354 3635 380 3681 8.
400 3645 426 3695 p.
438 3634 494 3680 170.
514 3646 553 3696 sq.
565 3631 660 3680 Mille·
733 3635 747 3662 ¹
764 3629 841 3693 Disp.
851 3644 871 3679 r.
882 3627 979 3678 davit.
990 3624 1233 3689 andricit.p.v1.

127 3707 208 3767 rasin
219 3709 324 3759 Einteit.
342 3708 392 3758 rnr‘
407 3708 608 3760 Kennmirsder
623 3709 660 3758 st·
699 3704 883 3769 Maeoniden
901 3701 1033 3754 sententia
1054 3702 1135 3762 locu,
1154 3714 1234 3766 quen

127 3784 172 3832 tan
185 3782 241 3833 lat.
260 3780 426 3833 Sebrittstrb.
436 3791 455 3833 t.
467 3797 494 3834 v.
512 3798 538 3847 p.
553 3787 577 3833 8.
594 3783 660 3833 Cru-
698 3795 758 3830 mox
770 3779 846 3832 affert
858 3778 1043 3842 Desbiltontur,
1052 3793 1105 3830 non
1115 3785 1235 3844 tempore

125 3856 658 3922 ιίυ1.αρ.848.]ο.ἳώῑίοἰιείιιῑὶίιῑ.
699 3857 787 3922 asjrnt
815 3857 862 3908 sed
890 3857 1018 3921 ortigius
1045 3855 1158 3920 remotus
1185 3862 1234 3907 ert.

127 3929 196 3983 niba
208 3933 311 3983 Fabric.
323 3933 355 3982 Ρ.
364 3946 404 3982 vr.
416 3948 442 3998 p.
454 3937 512 3985 ³1⁹.
700 3936 770 3986 Nam
801 3934 865 3985 aab.
885 3934 950 3984 atina
969 3937 1011 3985 26.
1040 3932 1085 3981 lib.
1105 3944 1145 3981 tr.
1173 3946 1236 3984 cun

158 4007 292 4059 ’Crustu
303 4007 330 4057 in
341 4007 395 4059 vit.
413 4008 530 4074 medo,
544 4025 604 4076 que
615 4025 659 4061 cx·
698 4010 833 4061 Brotierio
850 4017 878 4059 et
897 4008 1046 4072 Bipontinis
1056 4007 1159 4058 Editor.
1176 4010 1236 4074 ept-

127 4089 176 4134 tat.
194 4084 247 4136 be.
263 4097 291 4149 p.
308 4087 368 4135 ⁸⁴2.
386 4083 542 4139 biiiicrnst.
553 4101 579 4140 c.
598 4094 660 4143 tv.
697 4086 786 4152 logum
796 4084 980 4151 fierijusstltb.
991 4084 1235 4152 rraenjurprotoge

127 4166 189 4225 Μ.
698 4156 1127 4228 ιὰΕιὶγὼπιδωυωΜᾶθθ.
