2714 4696
159 281 225 349 562
514 295 622 345 uorn
645 293 846 346 vurtoeuss
873 295 911 345 ur

161 448 204 492 tus
215 437 537 505 prolog.caaln.et'l'rln.
555 440 615 490 Neo.
650 439 693 488 Pl·
731 451 792 488 cere
804 438 951 487 illiteratum
966 437 1076 501 pionias
1083 452 1094 496 ,·
1110 443 1141 488 et
1152 437 1230 490 verba
1238 448 1265 492 et

162 518 255 577 tboens,
266 517 299 565 V.
312 517 352 566 Cl.
363 522 392 566 et
402 517 443 566 cui
454 516 541 580 liujus,
551 529 630 580 snper
642 515 694 565 alia
730 521 1054 580 momentorumque
1073 514 1138 564 milri
1157 528 1222 569 eene
1238 525 1265 568 et

159 593 251 654 multe,
261 592 396 654 scriptoria
406 607 488 656 opera
497 593 629 653 debemur,
638 591 694 641 etli-
731 591 839 657 pulchra
850 591 986 653 ridentum
1002 589 1050 640 aed
1061 591 1182 641 ordinem
1195 592 1264 643 rerbi

156 670 601 734 deret‚rlssrsecioeprrlrgea;aane
618 667 692 717 bene.
731 666 814 730 seius,
843 668 1050 732 transpositione
1085 682 1102 718 s
1136 669 1265 720 Monaebo

156 746 348 799 ¹i'ucieeuntem
366 753 416 810 est,
434 747 527 809 otiose,
544 745 629 795 animo
647 758 693 793 ra·
726 743 963 794 Grammetlcestro
978 745 1125 807 turbatum,
1150 752 1209 810 aut,
1236 752 1265 795 st

156 832 210 873 eno
228 839 243 873 e
259 824 337 886 coris,
355 827 406 874 erc.
438 822 548 872 Plautus
559 829 587 870 et
595 821 693 870 Teren·
731 820 832 870 Gelliua
847 820 921 884 dicit,
938 821 1079 887 posituram
1096 821 1195 871 leuiter
1211 834 1263 873 ne·

158 899 211 950 tlns
223 906 330 949 utuntur
341 901 376 961 σᾷ
390 896 536 948 ‘vruvec’
558 895 692 959 Exemplis
728 902 786 948 tere
797 897 946 948 debebant:
971 898 1113 962 legendum
1133 898 1220 949 eninr:
1236 901 1264 950 la

156 973 325 1039 proferendis
341 975 367 1024 in
389 987 418 1023 re
435 974 507 1022 clera
524 971 690 1038 supersedeo.
723 966 854 1023 'litrrm
881 974 918 1022 ire
939 975 1050 1037 plassam
1073 975 1192 1025 desidere.
1223 976 1264 1026 Sic

160 1049 249 1100 Faber.
284 1050 337 1098 Per
365 1049 528 1098 secutionem
550 1044 581 1099 'et
599 1048 691 1101 etium.
729 1062 819 1098 reraus
845 1048 978 1099 constabit
1005 1057 1116 1115 propter
1136 1053 1263 1116 geminen

159 1124 266 1174 Retinui
282 1125 348 1174 bene
367 1125 518 1189 lectionem,
529 1123 692 1189 approbante
728 1137 878 1175 consonam.
911 1124 1058 1190 bitermss,
1069 1125 1158 1190 idest,
1178 1127 1263 1178 litere·

159 1200 255 1263 labro,
275 1201 377 1250 etiamsi
387 1201 454 1250 enrle
465 1202 499 1251 alt
509 1202 609 1251 edituus
621 1215 636 1250 a
648 1201 692 1250 lli-
730 1206 826 1263 torum,
837 1206 867 1250 ut
877 1200 946 1265 eputl
955 1202 1015 1250 Val.
1024 1202 1100 1254 blaa.
1108 1202 1156 1253 lib.
1165 1216 1200 1253 tt.
1210 1207 1264 1254 et.

159 1277 249 1340 galile,
261 1275 396 1341 quiaillud
408 1277 526 1328 nmiebic
543 1274 691 1326 nihilfecit.
728 1274 817 1340 ‘lpse
835 1276 936 1326 medius
951 1274 1027 1326 titlius
1042 1277 1106 1326 mibi
1123 1278 1264 1329 literu-

158 1350 239 1412 ὅσιοί.
730 1353 783 1402 enll
810 1354 893 1403 nostri
914 1352 1105 1418 obstupescere
1125 1353 1263 1406 ridentar.'

192 1433 223 1477 ιι
240 1427 342 1491 [Bentl.
359 1443 408 1493 pro
428 1429 499 1478 Hunc
517 1429 543 1477 in
562 1433 636 1477 textu
648 1440 691 1490 pe·
729 1430 765 1479 Et
775 1429 890 1479 Noster:
907 1429 987 1480 ‘Noll
1002 1431 1130 1480 molestus
1147 1445 1262 1482 essee*

159 1504 641 1569 suitHuic‚neaeioandcdltaopere,
657 1514 690 1554 an
728 1505 791 1554 niue
818 1503 919 1555 literis!
951 1503 1024 1555 ‘Ire
1052 1505 1080 1553 in
1109 1505 1263 1570 lachrymas'

157 1597 207 1648 per
216 1583 349 1634 incuriam.
367 1584 481 1648 lloriua]
723 1579 798 1644 apud
815 1580 938 1644 Statium,
955 1586 985 1631 et
1001 1580 1117 1631 Plinium
1129 1581 1231 1645 Peneg·
1241 1597 1261 1632 e.

191 1664 223 1709 16
240 1661 347 1724 Imitari,
358 1661 411 1725 tre]
429 1658 539 1723 Semper
550 1658 619 1709 enim
630 1658 689 1723 boc,
725 1662 769 1706 ιι.
804 1656 878 1707 ‘Ibit
895 1656 921 1707 in
940 1658 1038 1708 meula
1057 1655 1141 1708 l'nisee
1165 1658 1261 1710 Prisci·

158 1749 236 1800 quam
257 1736 330 1798 illuri,
350 1735 451 1784 facilius
470 1734 537 1784 fuit:
554 1734 622 1798 Ῥᾷον
642 1732 690 1797 γὸρ
723 1731 863 1796 .pem,'&e.
894 1733 1111 1785 Tacit.eln.xuv.
1124 1739 1169 1786 el.
1186 1737 1259 1786 ‘lter

152 1813 265 1872 μιιμῆσσι
285 1811 301 1868 ιι
320 1815 434 1872 emicem
476 1812 521 1869 Et,
546 1807 690 1871 Μωμήσισσι
726 1809 1109 1875 etiaminl’rtnetptslandes:
1141 1812 1187 1863 Sic
1196 1810 1258 1862 lnlm

156 1886 193 1935 ιιι
204 1888 292 1934 θᾶσσον
311 1885 327 1944 ι
344 1885 477 1946 μιμήσεται.
511 1884 544 1934 Id
563 1891 613 1946 est,
632 1885 689 1934 Noa
723 1881 781 1936 fab.
789 1887 888 1949 penult.
900 1886 1084 1949 ‘Consurgere
1096 1888 1123 1937 in
1138 1887 1260 1952 plausne'

155 1966 207 2010 tera
217 1963 334 2023 emulari,
350 1977 418 2026 quoia
432 1963 580 2024 reprendere,
600 1965 636 2009 est
647 1959 690 2021 so·
725 1960 830 2011 Trebel.
850 1962 909 2012 Pol.
930 1961 964 2012 tle
981 1962 1119 2014 Sslonine:
1137 1965 1202 2015 ‘De
1212 1979 1259 2031 quo

154 2038 201 2086 etsi.
234 2037 312 2086 Unde
332 2043 359 2087 et
379 2038 509 2100 Theognis
531 2037 689 2100 sapientiasi·
726 2039 790 2090 nibli
801 2047 852 2102 eat,
863 2040 932 2107 qnod
944 2041 1049 2106 dignum
1067 2043 1197 2095 lullteraa
1205 2045 1260 2096 mit·

153 2113 294 2175 muaepud
315 2114 423 2164 Grecos
439 2114 615 2177 Gnomologna
632 2113 688 2162 ait:
726 2116 816 2168 tatur!
846 2118 1026 2168 Salmasiuset
1040 2118 1212 2171 Casenbonns
1228 2121 1259 2170 le-

156 2189 328 2249 ιιισμιῦπαιιι
342 2208 372 2251 pr
382 2189 468 2239 πολλοι
488 2190 548 2252 tues
565 2187 633 2238 ruol
648 2187 689 2247 ill
725 2199 805 2256 gunt:
822 2195 921 2257 dignum
940 2195 1009 2258 quoe.
1043 2195 1169 2245 Lucanus
1178 2195 1222 2247 lib.
1232 2208 1258 2245 x.

151 2264 294 2330 ederelol,
310 2269 435 2330 Μιμεῖσθαι
453 2267 474 2315 ι’
492 2267 556 2316 obers
570 2268 618 2314 reis
634 2265 689 2315 ισι·
724 2269 784 2320 ‘lte
795 2268 895 2320 seroces
907 2270 1019 2320 Caesuris
1031 2269 1193 2334 injugnlnm
1202 2271 1216 2332 ;'
1227 2271 1258 2320 lll

120 2398 126 2407 Ι
153 2341 320 2407 enituerat.
341 2344 373 2393 Itl
385 2342 690 2407 esecopoumemutrt,
724 2359 803 2394 mox:
822 2345 1017 2411 ‘iugulumque
1035 2346 1061 2394 in
1074 2345 1190 2395 Caesaris
1207 2344 1260 2397 ire'

151 2419 248 2482 puriter
272 2421 385 2483 pronique
403 2418 511 2482 bonique,
530 2418 565 2467 Δι
581 2424 689 2466 nostrum
724 2420 876 2472 Siliualtal.
897 2421 941 2472 lib.
951 2435 995 2472 111.
1013 2421 1074 2470 ‘Ire
1086 2435 1136 2485 per
1149 2436 1198 2470 ora
1210 2422 1260 2471 Ne·

151 2497 293 2544 aradibus
303 2512 369 2545 nemo
380 2496 491 2544 irritetur
500 2509 565 2557 opus.
584 2493 648 2543 Ritt.
725 2510 785 2545 men
803 2497 828 2546 in
842 2504 968 2547 astemnm
987 2496 1078 2563 paneis
1096 2511 1172 2546 meus
1187 2497 1262 2561 ignea

57 2613 62 2621 .
149 2555 161 2611 ἴ
190 2574 220 2620 m
251 2572 396 2632 ιιιισιιιει
418 2571 480 2632 ιιι]
520 2571 571 2621 rus.
593 2569 690 2630 fereris.
725 2571 822 2622 uenae
841 2573 907 2621 eur.

152 2644 226 2697 find.
760 2647 790 2692 ln
809 2649 933 2695 literarum
953 2650 987 2709 pl.
1004 2650 1040 2698 irc
1057 2649 1096 2712 ιι]
1136 2649 1261 2699 Excrenit

187 2727 219 2771 ιιι
238 2722 461 2779 reiteraverunt]
492 2720 600 2769 Scribe:
619 2719 691 2767 latit-
724 2733 831 2783 quoque
857 2719 899 2769 bic
927 2723 1000 2770 locus
1021 2720 1128 2785 ingenie
1150 2726 1260 2774 virorem

152 2797 374 2856 leretumplunsum
393 2794 429 2841 ire
439 2793 554 2841 deridere.
588 2791 690 2852 idest,
726 2792 880 2854 doctorum
897 2795 941 2844 sed
955 2794 1073 2859 prolecto
1084 2813 1165 2848 senus
1175 2808 1225 2860 est,
1234 2809 1261 2850 et

155 2873 325 2921 Indoctorum
343 2872 473 2920 hominum
486 2869 592 2933 pleneus
615 2870 689 2919 nihili
726 2870 797 2933 plani
809 2886 906 2923 sensus.
926 2873 953 2920 Si
966 2873 1081 2935 maligni,
1093 2874 1260 2939 inquithte·

155 2951 231 3000 secio.
253 2952 309 3012 Rig.
724 2946 796 3009 drus,
805 2948 957 2999 obtrectare
969 2946 1039 2999 bunc
1052 2950 1149 3000 librum
1163 2953 1259 3013 solent,

188 3026 409 3090 Iulitcrurumpl]
433 3026 461 3075 F.
479 3026 605 3075 literanum
617 3025 687 3089 pttd
725 3020 832 3087 faciunt,
856 3024 917 3073 dnm
951 3026 1046 3075 imitari
1071 3041 1124 3075 non
1154 3028 1262 3092 possint.

155 3111 206 3163 eat,
212 3104 424 3166 approbationem
435 3104 598 3152 literatorum
609 3102 689 3150 homi·
725 3099 790 3148 Mihi
803 3101 864 3149 satis
876 3100 959 3150 laudis
971 3110 1021 3164 est,
1032 3103 1181 3166 Particulo,
1193 3105 1260 3170 qnod

155 3193 215 3227 num
227 3179 367 3241 promereri
378 3179 465 3241 cupio.
500 3180 581 3230 (irrasi
599 3179 687 3228 dicet:
725 3176 772 3225 tibi
784 3192 815 3226 ac
827 3179 865 3227 tui
878 3179 1004 3228 similibus
1022 3179 1160 3241 placeam
1176 3196 1259 3246 neque

156 3255 226 3323 Quill
236 3255 269 3303 de
281 3270 322 3304 me
340 3256 441 3316 uulgus,
453 3254 614 3315 illiteratum,
630 3269 687 3317 pro·
725 3251 794 3300 aliud
804 3259 891 3302 votum
904 3253 994 3314 habeo,
1007 3269 1083 3317 quum
1097 3254 1138 3303 ire
1150 3257 1177 3304 in
1191 3258 1260 3321 ptan-

155 3329 292 3391 seuunr,et
310 3332 450 3393 malignum
458 3331 571 3395 judicet,
582 3331 610 3378 οι
619 3341 687 3395 epor-
724 3344 780 3378 snm
801 3330 946 3391 literarum,
967 3328 994 3377 id
1013 3335 1062 3390 est,
1087 3329 1261 3381 literatorum.

154 3405 357 3471 rlr‘lrroeltelbp.
390 3406 460 3456 ‘Odi
481 3405 617 3468 profanum
634 3408 687 3456 vul·
725 3404 816 3454 Metire.
850 3404 948 3453 Versus
972 3403 1107 3454 obscurus.
1148 3405 1198 3466 Et,
1213 3406 1260 3454 nisi

157 3498 204 3545 gus
216 3492 243 3532 et
256 3497 332 3531 urceo
341 3482 356 3530 :’
375 3488 403 3530 ut
415 3481 451 3529 eit
463 3481 598 3541 Horatius,
610 3489 638 3530 et
655 3496 688 3529 ea
725 3495 765 3528 me
777 3479 853 3541 t'ellit,
865 3479 933 3528 inest
945 3481 1045 3529 macule
1056 3480 1117 3531 hnic
1126 3483 1194 3544 loco,
1203 3495 1258 3546 quie

156 3556 415 3607 eol‘etroniusArb.
451 3556 687 3617 Deuulgosrbcru
725 3555 780 3603 aine
795 3554 942 3617 judicioet
961 3555 1065 3619 ingenio
1095 3571 1191 3619 magno
1210 3558 1259 3606 elui

154 3632 688 3683 tlitisbominibusconterunendononnul·
720 3632 875 3694 neutiquam
894 3639 991 3694 potest.
1025 3631 1082 3679 Nec
1101 3632 1175 3691 eutis,
1200 3631 1258 3696 quid

155 3710 182 3758 le
192 3709 293 3757 noterit
303 3709 351 3757 tevi
371 3710 452 3758 nostri
470 3708 549 3770 glorie
560 3708 616 3758 Jos.
628 3708 688 3756 Sce-
724 3707 798 3770 velit,
808 3708 943 3770 intellego,
964 3720 1011 3755 nec
1024 3720 1115 3754 sensus
1132 3705 1212 3756 selim
1223 3715 1259 3756 ta·

155 3783 223 3847 liger
234 3783 260 3830 in
273 3785 340 3833 notis
353 3785 384 3835 ad
398 3784 490 3834 Catuli.
503 3784 596 3848 quibua
606 3783 687 3832 erlrles
725 3797 793 3833 men.
828 3784 934 3846 Absque
947 3782 1099 3831 curiositate
1110 3796 1169 3831 mea
1181 3781 1258 3844 foret,

151 3859 219 3910 licet
239 3860 453 3921 Propertianum:
471 3859 585 3922 ‘Populi
596 3857 685 3906 consu·
726 3860 769 3922 qui
788 3859 881 3908 ductus
892 3858 1024 3907 literarum
1038 3859 1161 3922 religiose
1174 3860 1259 3910 obser·

156 3951 186 3985 en
197 3937 283 3982 valeto
295 3936 408 3983 Falrule:
422 3950 480 3984 narn
491 3935 688 3999 tloniiuajudice
726 3948 787 3984 vare
798 3934 879 3997 soleo,
898 3948 950 3982 uon
972 3949 1078 3983 vererer
1099 3936 1257 3985 rescribere:

158 4017 228 4060 tutus
241 4010 300 4058 ero!
319 4010 382 4057 liiii.
725 4009 877 4058 laliterutam
893 4010 1001 4073 pluuium
1016 4025 1060 4060 our
1076 4011 1134 4075 (vel
1145 4012 1207 4074 eoa)
1221 4014 1257 4060 tle·

190 4086 220 4133 le
231 4087 355 4135 literarum
364 4087 397 4148 pl.
407 4086 444 4135 s're
454 4087 491 4149 ιι]
509 4087 547 4137 Ut
558 4089 644 4136 versui
653 4087 688 4134 la·
722 4086 818 4136 duero:
837 4102 863 4151 q.
873 4086 899 4135 d.
926 4088 965 4136 'ln
977 4087 1054 4137 modo
1065 4092 1093 4136 et
1104 4088 1143 4136 tui
1164 4088 1257 4138 similer

155 4160 260 4211 botenti
279 4169 462 4214 succurrerent
473 4163 529 4225 Viri
547 4162 631 4225 (loeti,
651 4159 689 4212 fe·
725 4161 774 4213 riri
785 4163 857 4214 ‹locli
868 4176 938 4214 meas
955 4160 1056 4216 subules
1068 4163 1208 4234 ‚hudetist
1226 4162 1257 4214 ab
