2730 4688
559 234 753 286 smsronn.
1184 217 1209 286 8

96 393 269 453 tantarum
283 387 318 448 et
331 382 384 447 tot
400 381 560 446 virtutum
580 379 757 463 splendore
782 378 941 445 collecta.
984 379 1093 445 Vides
1106 399 1209 466 quam

96 491 148 553 sit
169 487 246 573 ejus
272 486 373 567 lunga
396 484 531 566 lateque
547 479 702 545 diffusum
717 499 859 560 numen3
880 480 976 546 vides
998 500 1073 566 'qun
1087 484 1206 564 uultu,

101 609 168 675 quc
183 587 362 672 supercilio
380 585 509 650 Gentes
525 602 649 661 omnes,
672 581 853 659 Civitates,
877 583 1067 666 Principes,
1092 583 1192 668 Impe

101 699 242 768 ratores,
253 742 257 748 .
267 689 436 772 Europam
452 687 596 770 denique
614 690 716 750 totam
728 686 827 757 'solus
843 687 1004 749 conuertit
1015 694 1051 750 et
1062 704 1207 752 commo-

96 798 173 872 ,τοῖς
196 796 323 878 quanta
348 808 512 852 armorum
538 800 675 851 suorum
698 786 860 851 felicitate
883 786 983 852 modo
1007 807 1088 851 suos
1110 792 1205 872 tegit,

102 893 204 959 mado
228 891 368 957 lacessit
393 890 576 973 improbos,
602 887 708 953 modo
729 907 767 951 se
790 894 824 952 et
852 886 1007 970 Regnum
1022 889 1204 956 lacessitus

101 995 296 1071 ulciscitur3
325 1009 427 1078 qmm
441 990 549 1055 facile
581 991 836 1056 inconstantiam
865 991 1008 1056 tortmae
1044 992 1206 1056 consilio·

101 1116 173 1162 rum
188 1095 368 1180 prudentia
379 1092 579 1172 moderatur,
601 1093 811 1158 etvictoriae
832 1091 910 1174 jura
928 1110 1064 1175 persua
1078 1099 1204 1174 castra,

97 1200 246 1283 ¹quornm
274 1213 412 1262 numero
441 1198 548 1260 terras
577 1198 610 1258 et
634 1195 742 1260 maria
768 1199 923 1279 occupat,
944 1194 995 1258 sic
1022 1193 1145 1258 dividit
1168 1201 1205 1259 et

95 1301 260 1389 ,partitum
281 1301 320 1363 ut
342 1297 401 1362 uni
428 1295 603 1367 Lndonico
625 1296 770 1361 victoria
793 1295 948 1360 videatur
969 1296 1094 1378 ubique
1108 1296 1205 1362 labo·

99 1421 187 1469 rare.
230 1398 371 1484 Aspicis
386 1418 457 1483 qna
470 1397 663 1463 tortitudine
679 1406 797 1463 contra
810 1402 961 1476 exteros,
970 1418 1038 1482 qua
1054 1398 1121 1463 tide
1140 1400 1203 1483 pro

100 1505 218 1580 sociis,
232 1521 300 1586 qna
311 1501 517 1568 humanitate
534 1518 612 1564 cnm
627 1500 699 1564 suis
715 1500 827 1564 omnia
841 1501 1154 1581 gerere'consuev'it

142 1604 246 1670 Hanc
268 1601 350 1669 ilbi
373 1603 476 1680 dam,
500 1601 760 1667 Sunnnrssrnn
776 1600 1202 1680 Prruorrmsnov'ims

97 1707 245 1791 apernit.
299 1704 351 1769 Te
379 1704 424 1771 ad
450 1704 513 1769 bas
539 1702 671 1782 laudes,
701 1703 797 1788 qussi
828 1704 999 1788 quadrigis
1010 1705 1202 1779 ¹fvolantem

96 1808 315 1875 admiramur.
357 1807 471 1875 Tuum
483 1810 537 1871 est
551 1804 634 1871 illud
649 1807 859 1884 curriculum,
887 1807 1200 1891 inqnoinsistere,

91 1920 138 1975 'ut
151 1929 363 1994 summopere
375 1909 559 1992 gloriosum
573 1912 634 1985 est,
650 1908 695 1972 ita
706 1908 843 1973 arduum
858 1915 960 1991 atque
973 1906 1115 1974 difficile.
1159 1907 1202 1974 In

95 2013 159 2077 bac
175 2020 289 2077 autem
302 2012 467 2095 dignitate
481 2031 569 2095 quos
581 2012 668 2076 alios
685 2017 841 2078 auctores
856 2012 976 2094 agendi
989 2020 1023 2079 et
1036 2012 1201 2095 regnandi

96 2113 289 2197 sapientius
305 2114 475 2192 consulas,
499 2134 585 2199 quos
600 2133 741 2198 sequare
756 2117 873 2193 tutius,
899 2135 999 2198 quam
1025 2116 1094 2198 qui,
1119 2113 1202 2181 licet

96 2216 234 2295 mortui,
249 2215 431 2300 Principes
450 2220 562 2280 tamen
577 2216 757 2285 etiamnum
771 2214 961 2295 admonent,
988 2237 1097 2302 neque
1120 2237 1201 2301 pos·

96 2325 177 2384 sunt
200 2317 371 2383 adulando
394 2318 561 2402 decipere.
606 2317 690 2388 Sunt
711 2318 880 2386 enimvero
903 2322 939 2384 in
964 2319 1042 2383 aula
1067 2318 1200 2400 Regum

95 2420 223 2484 versuti
236 2421 397 2484 innumeri
408 2406 575 2497 homines,
593 2419 715 2485 diurna
729 2419 966 2485 consuetudine
982 2419 1026 2484 ad
1044 2419 1200 2484 servilem

96 2520 358 2585 assentationem
374 2521 565 2597 exercitati,
589 2522 648 2604 qni
663 2519 828 2602 Principi,
852 2539 920 2583 uon
934 2541 978 2583 ex
993 2522 1115 2598 animo,
1139 2520 1200 2586 sed

95 2623 150 2686 sui
165 2620 335 2685 commodi
348 2620 466 2703 gratia,
481 2621 689 2685 famulantur.
736 2618 869 2684 Norunt
883 2621 933 2684 illi
950 2622 1042 2685 solas
1055 2604 1223 2688 somunae'

93 2724 179 2800 vias,
194 2723 344 2804 nihilque
359 2722 434 2804 ejus
451 2741 554 2787 causa
573 2721 849 2806 praetermittunt3
866 2729 900 2784 et
911 2724 1071 2806 quoniam
1084 2744 1199 2789 eorum

96 2825 271 2908 cupiditati
286 2825 409 2887 veritas
425 2823 629 2901 adversatur,
652 2823 760 2887 solent
779 2823 873 2886 illam
889 2825 931 2887 ab
948 2843 1086 2888 accessu
1101 2824 1199 2890 Prin·

95 2926 208 3007 cipum
224 2924 342 3007 procul
358 2922 545 2988 amandare.

139 3026 194 3091 Ne
208 3025 391 3101 committe,
414 3024 673 3089 Sunnurssnuu
689 3025 896 3102 Pnrucnns,
924 3025 1003 3091 huic
1027 3027 1198 3092 homiuum

97 3128 210 3211 generi
235 3133 365 3208 partem
390 3125 495 3189 ullam
521 3126 780 3190 existimationis
807 3132 884 3191 tuae.
931 3127 1119 3194 Munitores
1140 3130 1199 3194 ad·

96 3230 173 3293 hibe
188 3229 317 3312 potius,
342 3247 427 3310 quos
441 3229 519 3292 olim
537 3229 696 3292 Socrates
716 3226 868 3310 Regibus
883 3229 1055 3295 offerebat.
1099 3229 1199 3295 Anti-

96 3350 184 3415 quos
199 3328 352 3410 intelligo
364 3330 554 3411 scriptores,
567 3330 626 3413 qui
640 3328 860 3411 Principibus
875 3330 1056 3411 praeferunt
1066 3331 1197 3413 faccm3

95 3434 155 3517 qui
171 3431 365 3495 dubitantes
382 3429 587 3507 confirmant,
603 3435 750 3494 errantes
772 3436 953 3511 revocant3
977 3440 1013 3495 et
1032 3434 1117 3499 adeo
1131 3454 1198 3499 uon

95 3533 283 3618 adulantur,
295 3539 333 3596 ut
347 3533 481 3615 egregia
495 3531 652 3597 fidelitate
669 3539 703 3597 et
715 3535 896 3598 acerbitate
909 3536 1048 3601 salutari
1060 3538 1197 3620 impune

95 3635 294 3720 plerumque
312 3637 466 3702 saeviant.
510 3636 533 3701 J
536 3655 590 3701 am
614 3656 691 3701 vero
719 3657 793 3701 cum
813 3637 908 3702 multi
933 3645 1011 3702 sunt
1033 3640 1197 3724 ejusmodi

95 3739 287 3824 scriptores,
319 3746 387 3804 tum
416 3739 527 3804 nullus
551 3740 619 3804 scre
648 3747 699 3805 est
728 3740 842 3804 utilior
870 3740 947 3804 Tibi
973 3761 1073 3826 quam
1098 3742 1198 3807 Pbae-

95 3838 183 3905 drus.
230 3839 389 3905 Fabellas
418 3841 521 3905 babet
550 3861 625 3905 cum
655 3840 875 3925 philosophias
907 3843 1085 3925 praeceptis
1114 3843 1197 3906 miro

94 3941 240 4025 quodam
273 3942 416 4011 artificio
454 3944 662 4028 conjunctas,
702 3943 736 4007 iu
775 3943 898 4026 quibus
928 3945 1062 4009 nativus
1090 3963 1197 4009 rerum

94 4042 303 4130 depictarum
325 4045 421 4130 lepos
444 4047 490 4112 ad
512 4048 731 4113 excellentem
754 4064 884 4114 morum
909 4047 1122 4130 disciplinam
1145 4044 1197 4109 sic
