2714 4696
130 301 198 367 574
479 314 588 366 trouu
613 315 820 367 vsuiounu
846 315 888 367 ru

130 460 188 509 dire
209 456 323 507 velient:
349 455 393 520 qui
414 469 469 505 mos
488 456 617 521 hodieque
635 457 662 506 in
700 459 781 508 merri.
813 458 970 512 Smeetiam
986 462 1125 528 Interpres
1144 464 1236 518 Galim

127 536 209 599 reigo
218 541 307 583 nortun
318 533 446 582 Saronico
457 541 584 584 remanet.
618 532 661 582 rid
700 537 781 585 vertit
806 537 947 601 soimeri,
979 538 1028 588 iroo
1056 545 1108 598 est,
1131 540 1236 602 srurtre

129 612 195 661 hano
214 608 348 658 formulam
376 609 517 658 Petronius
540 607 604 658 Arb.
623 624 663 658 re·
700 611 800 663 Suadet
811 613 878 664 hane
888 614 1149 680 interpretationem,
1169 617 1235 682 qaod

126 687 225 751 aperit,
237 684 297 733 dum
310 685 461 748 aggreditur
472 684 661 747 expositionem
696 688 729 738 iu
740 685 827 737 sebnia
841 688 962 754 sequenti
975 690 1075 740 moraie
1086 689 1120 742 ait
1131 690 1235 743 notem

124 762 233 814 {abeiire
245 762 279 812 de
291 770 407 812 matrona
419 762 557 825 Ephesios.
573 762 663 826 Serip-
696 777 762 825 non,
773 771 801 814 nt
812 765 881 817 solet
889 764 960 829 oiim,
971 766 1125 828 ”nimitum
1140 766 1221 830 Scies.

127 839 260 900 tiautem,
270 839 383 900 odicium,
394 853 444 887 uon
453 843 483 886 ιιι
499 844 557 887 erat
565 835 662 886 editum
732 843 764 890 21
782 841 949 890 Moenum
958 840 1040 904 mair]
1074 840 1139 892 vtd.
1151 844 1235 910 Μ.

127 917 248 980 ediieinrm
281 912 567 965 Videinirai.rv.f.d.
595 914 660 964 iiiii.
698 913 752 967 fab'.
771 915 883 979 Αῑλουροι
900 914 1014 978 eripiar.
1047 917 1234 972 Cameren-st

161 993 219 1044 Siue
231 993 346 1057 mercede]
379 993 517 1042 Existimat
533 992 661 1042 Rittersit.
699 992 785 1042 Corvo
797 996 825 1042 et
835 984 922 1055 Vuipe
933 997 1057 1057 papali.
1069 1002 1098 1043 et
1110 1009 1172 1059 pag.
1180 999 1234 1047 nn.

128 1074 156 1119 et
167 1068 264 1133 Rigalt.
281 1067 324 1134 (nt
343 1082 375 1117 ex
395 1068 452 1132 ejus
468 1070 570 1118 Funere
582 1068 661 1117 Para·
700 1068 733 1119 de
745 1069 869 1119 Mustela.
902 1068 1017 1119 Similem
1027 1069 1056 1118 iu
1075 1071 1184 1121 modum
1199 1073 1234 1122 ir·

128 1145 172 1194 rit.
183 1142 292 1209 colligo)
310 1143 344 1192 ad
361 1146 458 1194 morem
477 1144 556 1193 aiiudi
576 1145 662 1208 pneri-
699 1146 805 1196 buiutur
823 1145 902 1195 Minis.
922 1146 1029 1208 Giyoas,
1048 1144 1147 1196 Annal.
1167 1159 1189 1196 t.
1205 1146 1234 1198 de

124 1220 188 1282 iem,
199 1234 276 1284 quem
294 1221 378 1283 tangit
389 1220 468 1270 etiam
485 1220 553 1270 Piiu.
568 1221 618 1286 Ep.
630 1235 661 1271 rr.
700 1222 858 1285 Vnipeouia:
879 1219 1063 1283 dimidiari
1071 1222 1234 1281 virium

127 1297 169 1345 at.
188 1297 196 1324 ⁸
208 1294 318 1358 iissem,'
344 1296 438 1361 iuquit,
461 1296 470 1330 ⁴
482 1310 555 1360 para,
575 1307 602 1346 et
619 1312 662 1348 ao·
699 1296 828 1362 βρωμάτων
837 1298 969 1362 ἀποροῦσαν
980 1297 1066 1347 ὑπτίη
1076 1298 1136 1348 nost
1146 1299 1234 1365 ureb,

128 1371 187 1437 nipe
200 1385 303 1421 auream
316 1371 447 1423 fabulam!
475 1373 662 1438 Hooampiinr,
700 1373 740 1424 troi
749 1376 875 1438 φνσᾶσθαι.
887 1375 1233 1436 κιντεῦιπδωγκουμέηὸ

127 1453 183 1498 tres
194 1448 298 1499 demum
314 1448 415 1499 fabuiss
431 1448 522 1499 redimi
534 1465 592 1500 asse
603 1450 662 1500 soii·
699 1451 744 1510 τὴν
754 1453 843 1516 ιρῦπα
860 1451 893 1500 rd
907 1451 1004 1500 mend
1019 1450 1185 1508 ἐπιβαίνουσιν
1196 1453 1232 1502 ri·

125 1531 179 1588 ias,
190 1539 224 1574 ex
235 1525 352 1590 ejusdem
370 1525 559 1591 verbispatet:
583 1528 592 1554 ‘
603 1526 661 1577 Sui·
698 1525 801 1588 riustri
817 1524 872 1575 &uei
891 1529 974 1590 νεκρᾶς
992 1523 1118 1579 dnm
1138 1528 1233 1588 dutrii·

125 1598 221 1651 ficiunt
236 1602 297 1651 duas
316 1601 428 1663 saboim
455 1617 486 1651 an
506 1602 661 1654 scholastica
694 1616 765 1651 nore
775 1600 816 1651 nir
824 1600 933 1664 αἵφνηιῆ
943 1601 1013 1666 rerpd
1022 1592 1231 1666 σ’νλλιμβῶιιιιι

126 1677 186 1741 iege
199 1679 303 1728 tertiam
316 1679 425 1729 neseisi’
447 1680 546 1729 Prmeit.
580 1680 661 1729 lutei·
699 1678 814 1728 κατεσθίει
826 1677 908 1728 αὐτάς.
939 1678 1230 1744 Musteimi'eiimim

124 1753 190 1817 dign,
203 1754 342 1803 Phaedrum
359 1762 477 1805 nostrum
495 1756 593 1819 dicere,
611 1757 661 1806 hoo
698 1757 769 1819 prad
780 1752 1141 1815 emmerammianos.
1159 1757 1231 1807 Scito·

126 1832 227 1893 praemii
244 1846 300 1880 sese
317 1833 409 1882 lectori
427 1848 473 1883 suo
489 1833 620 1895 daturum,
632 1838 661 1885 ui
698 1832 767 1882 iiast.
787 1831 889 1881 Caiiim.
914 1831 994 1893 Hym.
1016 1831 1043 1878 in
1063 1833 1156 1881 Cerer.
1172 1831 1229 1881 Vei.

126 1903 251 1955 i'abeiiam
271 1906 304 1956 de
322 1911 431 1958 mustela
449 1917 477 1960 et
493 1911 608 1960 mtrribus
625 1911 661 1961 sit
698 1907 784 1958 Giots.
801 1907 941 1972 ‘Ainovpon
957 1906 1048 1971 Feiax,
1060 1907 1118 1958 haee
1135 1906 1229 1959 Cotta!

125 1987 285 2031 narraturus.
320 1984 380 2033 Soio
391 1986 467 2035 aliter
477 1985 588 2037 sensisse
602 1988 659 2038 Rii·
698 1984 759 2047 mg.

125 2060 281 2110 territurium
305 2067 332 2110 et
346 2044 495 2125 Rigaititii'n,
516 2063 561 2113 ted
581 2077 660 2130 quare
730 2064 762 2110 ιι
780 2060 929 2123 lrroioitre]
961 2060 1052 2110 Voirit
1063 2075 1091 2109 se
1103 2062 1131 2111 in
1143 2060 1230 2127 iarios,

126 2133 160 2185 ab
170 2142 280 2201 utroque
292 2136 408 2187 diuersus
418 2137 520 2202 abeam,
529 2139 592 2189 nihii
601 2156 660 2190 osu·
697 2142 726 2187 et
736 2136 874 2186 volutando
891 2137 917 2185 in
929 2149 970 2198 ea,
981 2136 1019 2186 sie
1032 2137 1151 2200 opplevit
1161 2147 1229 2188 exte·

126 2224 162 2262 aar
173 2225 229 2262 esse
245 2219 318 2277 puto,
338 2220 368 2262 ut
387 2214 503 2276 pluribus
523 2229 660 2278 exponam.
697 2213 802 2275 riuum
814 2212 1117 2264 iotat'arr'uarideretnr.
1135 2213 1214 2274 Sedes.

125 2286 212 2339 Faber.
262 2288 449 2339 Rittersirusins
476 2298 510 2339 ot
532 2291 660 2354 Rigritius
730 2293 763 2340 2⁴
780 2288 886 2352 adjerit]
902 2289 946 2338 Se.
955 2303 993 2352 se,
1003 2290 1151 2354 eleganter,
1161 2291 1231 2340 reiut

125 2365 285 2428 existimant,
303 2366 419 2416 aiiudere
440 2366 473 2415 ad
492 2366 659 2416 consuetudi·
698 2379 752 2414 rem
769 2365 859 2505 egem,
873 2380 949 2431 quam
968 2372 996 2415 et
1011 2366 1109 2416 iooirco
1126 2367 1230 2432 ‘abJer-

126 2456 185 2492 nem
208 2443 343 2508 antiquam
362 2441 441 2492 dandi
461 2457 531 2493 asses
557 2443 592 2505 ei,
615 2444 659 2508 qui
694 2440 759 2489 'iam’
813 2442 947 2506 pellamus.
991 2440 1139 2506 ‘Abjieere
1158 2459 1187 2494 ae
1204 2445 1229 2494 in

125 2528 257 2570 narramet
274 2518 398 2568 saboiam.
432 2520 467 2569 Et
486 2520 536 2568 huo
557 2532 659 2584 quoque
692 2516 811 2566 iterbam'
827 2516 1031 2567 dieitCioeroiu
1044 2517 1094 2566 Or.
1107 2531 1135 2576 ι.Ι
1153 2518 1228 2577 SM

126 2592 268 2643 Prasohius
291 2595 408 2644 iuciiuet.
454 2595 538 2643 Faber
560 2595 597 2643 ait
621 2594 659 2643 di·
698 2593 776 2642 Ouid.
791 2593 875 2656 Epist.
887 2607 937 2643 rur.
949 2598 975 2643 l.
985 2593 992 2619 ⁴
1004 2593 1107 2642 Sicubi
1119 2593 1176 2644 fata
1188 2611 1228 2646 ro·

126 2685 197 2732 cere,
208 2670 257 2718 hoc
277 2671 377 2733 premii
398 2685 455 2719 sese
475 2670 567 2718 ieotori
583 2671 658 2720 datu·
697 2667 831 2728 carnaiis
842 2667 961 2730 obJeetus
970 2668 1104 2731 inberbis,
1113 2669 1156 2718 ud
1166 2672 1229 2721 rada

126 2758 191 2805 rum,
201 2749 229 2791 ui
241 2742 361 2791 fabellam
374 2745 406 2792 de
418 2746 530 2792 mustela
541 2751 569 2793 et
580 2747 657 2794 muri·
696 2742 824 2791 Mreandri
836 2743 950 2791 conciuit
968 2742 1041 2790 albus
1060 2745 1136 2794 nior!
1169 2748 1229 2797 Pro·

125 2818 173 2868 bus
187 2818 221 2866 sit
233 2825 392 2867 narraturus.
426 2817 479 2867 Sed
491 2834 539 2867 cur
556 2821 657 2882 praemii
696 2824 763 2880 pert.
782 2830 801 2865 r.
819 2822 858 2866 li.
877 2822 898 2867 1.
914 2819 973 2866 ‘Tu
984 2819 1048 2869 lieet
1060 2820 1230 2883 abjectum·

123 2893 167 2942 iric
178 2893 323 2942 meminisse
336 2893 441 2957 debeat,
458 2910 506 2958 ego
517 2911 570 2944 uon
582 2898 657 2946 iutei-
695 2892 786 2942 berina
798 2893 911 2942 molliter
920 2894 1006 2943 unda!
1047 2896 1159 2949 Petrou.
1173 2913 1228 2962 cap.

124 2970 185 3034 iigo.
218 2970 259 3018 Αιι
272 2971 338 3019 euim
358 2972 414 3034 ipse
432 2972 566 3036 premium
579 2973 657 3023 debe·
694 2973 734 3018 26.
753 2968 880 3033 ‘ribjeoti
892 2970 918 3019 in
930 2970 1021 3021 iactis!

124 3046 288 3098 batieeiori?
315 3063 362 3112 pro
380 3050 423 3098 iiis
440 3051 518 3113 ipsius
530 3054 657 3102 ausculta·
728 3046 898 3109 Negiii'miff]
916 3048 1139 3108 Mifflici‘i'ffliff·
1159 3048 1226 3100 Gud·

125 3123 194 3173 tione
208 3124 249 3172 rei
261 3125 372 3172 lectione
383 3123 508 3177 fortassis.
541 3127 577 3177 At
594 3128 657 3193 quid
726 3125 757 3170 ²⁵
785 3123 947 3186 comittitur]
973 3125 1053 3173 Forte
1065 3140 1228 3190 compresum:

124 3201 209 3249 lenior·
229 3200 340 3250 Phaedro
363 3217 409 3266 pro
430 3209 503 3252 tantu
524 3205 637 3254 utilitate
648 3207 657 3254 i
696 3204 724 3246 nt
736 3198 770 3247 iit
782 3213 855 3248 error
865 3206 940 3248 natur
951 3214 984 3248 ex
997 3202 1106 3265 entique
1117 3204 1228 3251 scriben-

124 3276 213 3328 Quid?
241 3277 260 3325 si
280 3278 329 3325 sine
349 3281 452 3327 mercede
472 3279 539 3328 idem
561 3281 656 3329 Nostro
696 3274 723 3323 di
741 3276 958 3338 pronuntiandus
973 3278 1091 3327 ratione:
1118 3279 1227 3343 Compri-

124 3351 168 3415 sit,
179 3367 208 3402 ac
219 3354 309 3416 graiis,
320 3353 425 3404 frustm.
459 3356 496 3404 Ut
508 3357 542 3405 sit
553 3370 655 3407 sensns:
694 3369 750 3405 terr:
768 3357 847 3405 Cissi.
870 3356 935 3405 Ritt.

124 3427 168 3478 Ne
180 3428 270 3477 videar
280 3428 377 3478 srustra
389 3431 490 3494 dixisse,
499 3446 550 3481 uon
562 3433 656 3483 iuteiii·
729 3429 889 3494 Compressos]
924 3431 1018 3481 Maiiet
1029 3432 1229 3494 Rittershusim,

123 3504 151 3566 gi
164 3519 179 3553 a
191 3505 290 3569 quovis,
307 3506 367 3570 quid
386 3505 482 3557 fabulis
503 3509 587 3558 subsit
599 3525 656 3560 eru·
695 3522 849 3571 compressores.
882 3508 952 3558 Pnio
963 3509 1031 3558 idem
1049 3524 1109 3559 esse
1126 3525 1167 3574 ac,
1184 3525 1227 3573 op·

13 3613 15 3616 -
122 3579 229 3630 ditionis
252 3583 447 3648 sapientiaque,
466 3600 498 3634 en
517 3586 590 3636 robis
611 3589 657 3637 nii·
696 3599 808 3648 pressus·
848 3585 941 3635 Cicero
966 3586 992 3634 1¹¹
1014 3585 1093 3635 Oiai·
1114 3586 1226 3648 flami·

124 3670 201 3720 quam
213 3656 247 3706 de
259 3662 369 3710 musteia
382 3668 409 3711 et
426 3663 548 3726 muribus,
564 3663 590 3712 in
607 3679 658 3730 qua
694 3659 773 3710 ’.ἴδω
785 3661 835 3710 iiia
846 3673 961 3725 semem,
972 3675 1031 3725 quw
1050 3668 1106 3711 ium
1125 3661 1167 3710 hic
1184 3660 1226 3710 de·

124 3733 237 3796 potestis
249 3737 360 3799 experiri
374 3738 440 3788 uires
453 3746 559 3802 vestras,
578 3747 604 3790 ot
616 3756 656 3790 os·
695 3735 802 3798 Metuit,
815 3743 867 3785 ium
880 3750 908 3785 se
920 3739 1039 3800 emergit,
1056 3743 1087 3787 et
1105 3736 1190 3787 fertur
1200 3737 1226 3786 ii·

122 3807 246 3872 tendere,
258 3810 321 3875 quid
341 3813 441 3865 innuat,
474 3816 550 3868 Quod
571 3817 593 3865 si
612 3816 657 3867 de.
694 3811 747 3875 ino,
760 3828 907 3877 compressa
917 3809 994 3879 aique'
1007 3815 1072 3863 illisa
1085 3812 1224 3865 morietur.’

124 3885 300 3950 pretendens,
312 3902 360 3950 pro
379 3890 424 3939 iiia
442 3893 579 3957 multipiici
596 3891 657 3942 doo-
695 3887 776 3947 SM·

124 3961 194 4011 trina
205 3961 307 4012 habebo
319 3965 466 4017 mercedem
477 3982 493 4017 a
504 3968 585 4032 robis,
595 3969 657 4034 qnia
730 3964 844 4014 chbiii
852 3965 914 4030 nect]
925 3964 1037 4016 Rursum
1047 3965 1079 4016 ed
1089 3966 1224 4032 Virgilium

124 4049 176 4087 non
189 4039 310 4102 poteritis
322 4055 372 4088 nou
384 4043 443 4091 mihi
457 4058 533 4107 agere
550 4044 655 4109 gratius.
695 4043 821 4106 respexit,
839 4050 869 4092 ιιι
887 4044 961 4095 solet.
995 4044 1022 4093 ls
1035 4047 1104 4095 euim
1116 4048 1154 4097 ita
1169 4046 1224 4096 AEn.

125 4111 169 4162 Ita
192 4114 243 4164 rire
261 4118 374 4181 mercede,
399 4121 504 4185 proprie
525 4122 584 4182 erit,
601 4123 655 4172 siue
694 4130 725 4169 rt.
736 4120 777 4168 ne.
791 4119 798 4146 ‘
812 4118 862 4168 Seu
874 4127 954 4171 nerim
964 4122 1121 4172 occumbere
1131 4120 1225 4172 morti!

126 4191 219 4258 pratia,
229 4204 260 4244 eo
276 4188 331 4242 iere
343 4192 429 4258 modo,
448 4209 499 4261 quo
516 4194 587 4247 Gaiii
602 4212 656 4248 rerr
695 4194 826 4246 crorum
838 4192 962 4260 virgtimi
978 4211 1018 4246 ax·
1028 4198 1114 4249 Ennio
1126 4198 1226 4249 derum·
