2714 4696
179 546 582 671 NOTITIA
633 551 1161 674 LITERARIA

647 795 696 844 m:

511 972 834 1084 PHAEDRO,

255 1220 260 1226 ’
323 1238 663 1317 rnnunrnuru
694 1238 1016 1315 scnruronn.

154 1477 198 1526 ax
225 1477 275 1528 ro.
302 1479 377 1529 ann.
404 1449 557 1530 raunrc'n
584 1477 812 1530 nmuornncs
844 1476 1195 1529 tamassanus.

341 1576 506 1627 canuno
522 1576 667 1628 suerrus
682 1575 787 1625 unna
801 1575 885 1625 rou.
902 1575 937 1624 n.
948 1575 978 1625 c.
988 1579 1012 1626 a.

485 1773 541 1838 [nx
557 1772 613 1821 no.
628 1770 762 1819 uuour.
780 1770 866 1835 reru]

408 1968 537 2031 Ptaedrs·
550 1976 625 2029 oetos
639 1975 667 2028 st
673 1967 849 2048 fabularum
864 1967 946 2027 libri.

125 2079 320 2169 Pursunus
339 2111 465 2182 Thrax,¹
490 2113 618 2191 Augusti
645 2112 832 2190 Imperatoris
860 2112 991 2183 libertus,
1021 2111 1078 2172 sub
1105 2111 1228 2173 Tiberio

125 2205 317 2282 Imperatore,
337 2217 427 2286 atque
447 2207 515 2287 ipso
536 2207 667 2267 fortassis
683 2208 748 2286 jans
768 2206 939 2279 defuncto,²
959 2207 1089 2267 versibus
1107 2209 1230 2268 senariis

118 2301 301 2360 'suavissimis
329 2304 473 2381 expressit
501 2304 626 2363 ‘Libros
655 2303 785 2382 quinque
807 2299 994 2363 fabularnm'
1018 2304 1229 2382 AEsopiarum,'

127 2416 252 2473 quorum
268 2407 399 2476 quatuor
420 2399 532 2479 priores
547 2397 712 2478 Eutych0,⁴
731 2407 913 2476 postremum
928 2398 1044 2458 Phileto
1063 2400 1138 2459 Urso
1159 2400 1230 2460 Per·

126 2492 248 2551 ticuioni
270 2495 429 2571 inscripsit,
444 2514 502 2553 non
518 2514 593 2555 vane
608 2494 649 2552 illi
662 2494 823 2566 ominatos,
838 2493 947 2553 chartis
962 2513 1068 2554 nomen
1082 2493 1229 2556 victurum

125 2590 194 2658 suis,
211 2590 319 2648 latinis
335 2589 407 2649 dum
423 2599 538 2650 maneat
556 2590 682 2669 pretium
695 2590 798 2651 literis.
833 2592 1011 2669 Quanquam
1023 2591 1099 2651 inter
1119 2600 1230 2652 veteres

623 2724 725 2775 NOTAE

162 2841 170 2866 ¹
190 2837 265 2885 Inrrno
283 2838 396 2886 Macedo.
412 2837 469 2887 Vid.
489 2854 559 2903 supra
576 2837 657 2887 Vitam
698 2843 841 2890 connectas.'
866 2839 931 2890 Nurn
942 2841 1014 2905 igitur
1024 2841 1137 2890 Phaedrus
1154 2841 1230 2892 Sene-

127 2913 231 2971 Phsedri,
243 2931 268 2978 p.
280 2921 318 2965 tt.
330 2931 382 2980 sqq.
697 2932 732 2966 cao
741 2919 836 2982 ignotus
847 2926 906 2976 erat,
918 2928 959 2967 aut
970 2919 1047 2968 noluit
1057 2919 1098 2968 ills
1107 2919 1231 2976 Tbraoern,

159 2990 313 3039 ²1taviau1n
327 2991 433 3056 Rigsitio
453 3000 477 3040 et
492 2991 581 3040 Gudio.
608 2991 657 3041 Sub
696 3002 724 3040 ut
742 2993 824 3057 lipsio
842 2995 974 3052 ridebatur,
995 2995 1096 3058 ingeniis
1115 2993 1231 3043 Ronsaffis

127 3066 229 3116 Claudio
245 3068 371 3131 scripsisse,
383 3077 407 3116 et
417 3068 461 3116 sub
470 3066 550 3130 Sejani
562 3067 657 3117 nornine
698 3070 864 3117 annumerare?
881 3070 927 3127 rei,
939 3085 992 3134 quaa
1003 3069 1072 3118 Baiii
1088 3079 1124 3118 est
1135 3071 1231 3134 conjec-

127 3142 263 3192 Narciasum
278 3145 439 3208 perstringere,
450 3143 548 3192 Henrici
561 3142 657 3192 Canne·
698 3153 758 3202 tura,
781 3145 876 3194 Pbaedri
894 3146 966 3194 libelli
985 3149 1062 3196 adhuc
1081 3150 1233 3199 vertebantur

127 3221 211 3282 gison
227 3224 365 3286 conjectura
379 3230 423 3280 est,
435 3237 505 3286 quens
515 3220 570 3268 ride
585 3222 616 3268 sis
627 3223 657 3270 ad
698 3220 723 3268 in
740 3221 848 3268 manibus
861 3237 988 3286 paucorum
1003 3224 1118 3271 duntaxat
1130 3225 1232 3289 privato·

126 3295 214 3344 Avisni
224 3298 314 3347 fabulas
326 3315 349 3362 p.
358 3302 415 3348 2⁷0.
613 3348 616 3352 ,
697 3313 758 3354 runa,
769 3299 806 3346 rel
818 3307 881 3348 certa
896 3298 988 3348 iilomrn
999 3300 1098 3358 Seneca,
1109 3316 1164 3349 curn
1175 3303 1231 3352 scri·

162 3373 304 3440 ³AEsopias
322 3384 400 3433 vocat,
420 3391 469 3423 non
487 3375 583 3440 AEaopi,
602 3375 659 3439 quis
698 3374 773 3432 beret,
784 3375 848 3423 haud
867 3375 981 3423 meminit.
1009 3375 1092 3426 Potest
1105 3377 1176 3427 etiarn
1187 3379 1231 3428 ali.

128 3451 180 3515 ipse
188 3452 307 3499 materiam
318 3452 464 3516 quarundam
475 3451 659 3516 reperit,‘Usus
698 3458 734 3499 ter
753 3452 782 3498 sd
805 3451 872 3499 illurn
893 3452 971 3501 locum
993 3455 1135 3517 responderi.
1168 3455 1232 3506 Nam

127 3538 220 3579 vetusto
234 3547 328 3595 genere,
344 3533 385 3580 scd
402 3531 469 3578 rebus
485 3531 569 3588 noris,'
581 3538 608 3579 ut
625 3530 660 3579 ait
698 3527 904 3592 cumtrigesimurn
921 3528 1111 3592 caputejusdern
1122 3531 1175 3581 iibri
1191 3533 1233 3582 Se·

128 3608 153 3654 in
162 3607 243 3657 limine
252 3608 304 3656 iibri
316 3625 340 3656 v.
364 3609 399 3656 At
409 3608 522 3657 mirantur
531 3606 574 3655 viri
585 3607 659 3664 docti,
698 3622 763 3655 neca
774 3607 881 3663 consulo,
893 3606 962 3655 video
976 3621 1031 3656 euna
1042 3606 1107 3671 loqui
1118 3609 1149 3656 de
1160 3608 1231 3664 AEsn-

127 3688 193 3750 quod
205 3686 318 3750 AEsopios
330 3686 396 3750 logos
412 3685 554 3732 intentatum
570 3682 659 3731 Roma-
698 3682 744 3746 piis
756 3682 815 3747 logis
826 3698 874 3730 non
886 3698 953 3730 versn
973 3681 1067 3739 launo,
1079 3691 1106 3730 ut
1117 3682 1231 3733 Phndrna

128 3766 165 3814 nis
184 3764 287 3829 ingeniis
305 3778 365 3827 opus
383 3768 453 3810 vocat
472 3759 561 3808 Seneca
578 3774 599 3807 e.
618 3763 659 3810 27.
699 3757 796 3815 iecerat,
811 3757 853 3806 sed
866 3757 952 3806 latina
963 3772 1032 3821 prosa
1042 3756 1184 3821 digerendis,
1195 3767 1231 3808 st·

128 3839 251 3890 Consolst.
271 3840 302 3887 ad
325 3837 469 3903 Polybium:
492 3833 565 3882 'Nou
583 3835 660 3882 audeo
700 3833 1164 3897 que,utipseioqnitur,connectendis.

127 3924 151 3964 te
169 3932 243 3981 nsque
257 3932 287 3965 eo
302 3916 439 3979 producere,
450 3919 478 3960 ut
493 3910 591 3960 tabellas
601 3926 661 3975 quo·
731 3911 747 3945 ⁴
763 3909 842 3974 Hujus
862 3909 977 3975 Eutychi,
996 3907 1038 3973 qui
1055 3910 1119 3973 apud
1135 3910 1231 3976 Caligu-

127 4008 183 4056 qna,
201 4001 225 4041 et
240 3992 354 4056 AEsopios
371 3992 446 4056 logos,
457 3988 598 4038 intentatum
609 3987 660 4037 Ro·
699 3988 747 4038 ianr
758 3988 870 4052 Imperat.
882 3987 995 4051 gratiosus
1004 3987 1058 4047 suit,
1069 3989 1157 4039 mentio
1167 3990 1230 4052 apud

128 4068 203 4116 manis
215 4067 316 4130 ingeniis
325 4083 393 4131 opus,
405 4067 474 4116 solita
485 4066 529 4114 tibi
540 4073 661 4114 venustate
700 4066 831 4129 Joseplrum
843 4079 900 4119 ux.
911 4067 934 4112 8·
944 4062 1027 4127 Antiq.
