2714 4696
365 333 562 383 recensus
588 331 804 383 norrrouuu
831 332 1000 383 sennar.
1168 310 1236 381 787

130 483 296 563 Bipontiua.
320 485 409 545 Notae
430 493 500 545 sunt
513 501 670 564 puerorum
684 483 806 562 ingeniis
829 482 1074 555 accommodatae,
1089 480 1233 561 exegetici

130 581 303 660 plerumque
317 584 491 659 argumenti,
505 591 536 642 et
550 582 698 660 eleganter
713 582 843 660 scriptae.

173 687 249 740 1802
272 679 388 738 Phaedri
412 679 588 740 Fabularum
612 682 713 758 AEsop.
739 679 820 738 Libri
848 696 879 737 v.
905 679 960 737 utu
981 677 1229 757 grammatiscbeu

130 773 188 833 und
202 775 407 835 erllaerenden
422 776 656 853 Anmerlrungen.
677 774 807 853 Leipzig,
824 775 853 834 b.
869 774 1065 835 Rabeuborst.
1079 781 1096 833 8
1112 774 1179 851 maj.

168 905 210 914 —
224 870 329 930 Fables
343 870 473 931 selected
489 870 563 930 from
580 872 679 948 AEsop,
705 870 941 942 Pbaedrus,·and
963 871 1076 942 others,
1099 869 1169 930 witb
1192 868 1236 929 iu·

128 968 271 1027 structivc
284 969 476 1046 explicatione
492 968 531 1046 by
544 971 622 1027 Sam.
638 968 771 1027 Croxall.
785 970 877 1028 Wien.
896 978 943 1030 tt.

168 1099 210 1109 —
223 1064 339 1124 Pbaedri
354 1066 475 1125 Fabulae
495 1066 594 1143 AEsop.
620 1064 657 1125 ad
680 1064 808 1144 optimas
831 1065 974 1125 editiones
998 1056 1123 1135 collatae,
1143 1063 1233 1141 jere·

128 1180 258 1238 numque
288 1161 472 1222 instructioni
494 1161 742 1234 accommodatae,
769 1161 877 1239 quibus
902 1163 1061 1241 Appendix
1085 1160 1235 1238 tripartita

130 1258 308 1318 Fabularum
323 1259 426 1318 Aviani
439 1270 469 1320 et
484 1263 708 1340 Anonymorum
731 1273 862 1318 veterum
876 1258 981 1318 addita
1002 1268 1057 1318 eat.
1078 1259 1184 1318 Studio
1204 1267 1235 1316 et

129 1355 295 1416 curaJoau.
316 1356 422 1416 Joaclr.
447 1357 653 1430 Bellermanni,
675 1356 788 1436 Gymn.
809 1355 1047 1415 ErfurdDirect.
1080 1353 1235 1431 Eriordire,

129 1451 276 1511 sumtibus
294 1454 323 1513 J.
348 1453 395 1511 Fr.
420 1452 547 1513 Miilleri.
564 1460 593 1514 8.
616 1453 681 1514 siue
710 1451 946 1511 notis-Editor
967 1451 1170 1511 recensionem
1186 1451 1235 1511 lli·

128 1548 284 1627 pontinum
299 1550 449 1628 praecipue
471 1562 591 1609 secutus
611 1560 676 1620 est;
706 1558 836 1615 attamen
864 1548 1122 1623 Burmanniauam,
1153 1547 1234 1608 Heu·

126 1643 333 1720 singerianam,
350 1654 379 1703 et
394 1645 618 1705 Schwabiauam
634 1645 746 1723 ubique
766 1645 903 1716 contulit,
925 1655 955 1705 et
971 1664 1071 1705 earum
1095 1644 1236 1718 lectione,

126 1738 374 1816 interpunctione,
397 1753 487 1821 atque
501 1741 741 1820 interpretatione
764 1739 918 1819 diligenter
940 1750 1077 1822 spectata
1092 1750 1122 1801 et
1133 1740 1234 1820 explo-

125 1843 199 1905 rata,
208 1837 319 1916 optima
329 1856 458 1917 quaeque
470 1839 581 1918 selegit,
591 1859 651 1917 quo
661 1845 775 1898 textum
785 1838 949 1908 tersiorem,
962 1838 1235 1919 accuratioremque

127 1936 390 2015 interpunctionem
405 1937 608 1997 constitueret.
630 1937 758 1999 Omissa·
776 1939 804 1997 in
819 1936 877 1998 hac
898 1935 1038 2009 editione,
1062 1933 1236 1996 institutioni

125 2032 310 2094 scholasticae
325 2032 481 2106 destinata,
496 2035 616 2096 Phaedri
630 2034 740 2097 fabulas
756 2037 899 2116 quinque,
911 2055 940 2095 n.
955 2034 1022 2094 Lib.
1039 2041 1235 2106 1.18.ct29.

130 2146 185 2191 111.
201 2138 231 2190 3.
249 2146 296 2192 lv.
324 2140 371 2192 14.
386 2142 416 2192 et
435 2140 481 2201 17.

171 2235 249 2288 1804
270 2226 375 2286 Pables
389 2227 427 2287 de
454 2226 578 2301 Phldre,
594 2246 666 2289 avec
686 2230 717 2288 la
738 2227 941 2289 construction
955 2227 997 2286 du
1016 2225 1114 2296 Latin,
1131 2231 1234 2285 etune

125 2322 347 2403 interpretation
363 2324 527 2406 Franpaise,
542 2311 672 2385 litterale
680 2332 711 2385 et
723 2323 926 2385 interlineaire.
943 2321 1000 2382 Par
1013 2320 1131 2382 Hubert
1145 2313 1236 2383 Wan-

128 2419 323 2482 delaincourt.
346 2421 482 2492 AParis,
504 2421 578 2482 chea
598 2421 730 2482 Ancelle.
755 2430 772 2483 8
794 2416 1075 2480 mim-Consilium
1097 2415 1234 2479 editionis

127 2516 173 2575 his
201 2517 297 2576 verbis
319 2517 478 2597 exponitur
501 2518 531 2575 in
553 2517 703 2595 praemissa
731 2516 975 2577 introductione:
996 2514 1058 2574 ‘Ce
1079 2512 1166 2574 Livre
1187 2524 1235 2576 est

126 2610 220 2672 divise
234 2633 270 2671 en
285 2613 364 2672 deux
378 2613 497 2691 parties.
523 2613 564 2672 La
585 2613 728 2691 premiere
742 2612 875 2673 contient
891 2613 918 2674 lc
932 2621 1012 2674 texte
1026 2610 1066 2670 de
1081 2611 1233 2683 l’Auteur3

126 2711 156 2768 la
178 2707 306 2767 seconde
320 2709 361 2766 les
375 2709 490 2787 paroles
503 2709 544 2768 du
560 2715 649 2780 texte,
664 2708 737 2767 mais
757 2708 935 2769 construites
960 2705 1144 2780 moti-mot,
1162 2726 1234 2787 pro·

126 2803 256 2884 position
271 2823 325 2883 par
338 2804 532 2883 proposition.
555 2806 611 2865 les
630 2802 752 2864 ecoliers
766 2813 1010 2865 commenceront
1030 2804 1155 2868 d'abord
1177 2824 1234 2887 per

125 2901 270 2962 s’exercer
283 2920 333 2961 sur
347 2902 375 2960 la
388 2901 516 2961 seconde
530 2902 636 2983 partie,
650 2910 681 2962 et
694 2903 730 2961 ils
744 2921 781 2962 nc
796 2901 949 2963 viendront
964 2923 1014 2964 sur
1026 2903 1055 2964 le
1069 2914 1160 2978 texte,
1174 2921 1233 2985 qua

126 2999 272 3076 lorsqu'ila
287 2998 417 3058 croiront
430 2998 492 3060 dtre
516 3018 598 3058 assez
613 2997 686 3057 forts
709 3017 787 3077 pour
799 2999 926 3078 pouvoir
946 2998 1128 3077 l'espliquer,
1150 3008 1183 3061 et
1204 2998 1233 3060 le

126 3095 231 3156 rendre
252 3115 288 3154 en
312 3096 441 3174 franpais
465 3094 550 3154 suivi.
582 3095 669 3154 Alors
692 3093 728 3153 ils
743 3114 778 3153 ne
800 3094 900 3155 dirout
923 3093 1009 3174 plus:
1039 3094 1151 3177 Agnus
1165 3096 1233 3174 (sic)

125 3191 224 3251 stabnt
235 3193 380 3272 superior,
395 3189 546 3272 l'Agneuu
557 3210 587 3249 se
601 3191 694 3250 terruit
708 3190 885 3271 superbum
899 3190 970 3250 mais
985 3184 1137 3271 VAgncau
1150 3212 1179 3252 rc
1190 3200 1232 3254 te·

125 3289 194 3348 nait
201 3287 273 3368 plus
286 3289 379 3350 itaut.'
403 3287 546 3348 ludiceut
558 3286 617 3346 alii.

166 3418 208 3431 -
218 3385 405 3446 Bibliotheca
419 3385 521 3445 Latina
536 3383 671 3456 classica,
685 3382 831 3462 (Tomulis
849 3393 919 3444 octo
939 3385 1141 3464 complectens
1159 3403 1231 3447 auc-

126 3488 204 3540 tores
219 3484 340 3543 Lntinos
356 3494 468 3544 veteres
482 3483 633 3563 prosaicos
641 3490 673 3543 et
686 3488 764 3561 poet.
775 3480 899 3558 juvenili
912 3480 1229 3561 lectioni'potissimurn

124 3581 380 3655 accommodatos,
413 3581 520 3660 partini
552 3580 692 3663 integros,
723 3578 829 3659 partim
853 3583 1032 3658 excerptos.)
1054 3578 1230 3650 Adornavit,

125 3683 240 3735 textum
254 3686 407 3738 auctorum
422 3679 603 3756 recognovit,
623 3676 854 3738 introductiones
868 3676 989 3756 singulis
1004 3675 1155 3754 praemisit,
1176 3695 1230 3736 no·

124 3781 170 3831 tas
181 3772 300 3832 criticas
314 3772 342 3832 iu
358 3773 440 3834 calce
464 3775 576 3853 adjecit
591 3775 695 3833 Franc.
717 3774 788 3834 Nic.
803 3773 901 3833 Titze.
918 3772 1023 3844 Lincii,
1042 3793 1091 3852 ap.
1108 3773 1228 3833 Eurich.

124 3868 288 3929 b.-Extat
301 3870 444 3931 Phaedrus
457 3870 548 3932 Tom.
573 3888 612 3933 ιι.
627 3871 782 3954 separatim
798 3891 920 3951 quoque
934 3866 1096 3930 vendibilis.

172 3968 251 4032 1806
272 3968 390 4033 l'bacdri
412 3970 532 4031 Fabulae
553 3969 655 4049 AEsop.
679 3968 722 4029 Ex
743 3967 861 4049 optimis
877 3967 1098 4029 recensionibus
1117 3967 1247 4046 juveu·'

125 4069 185 4131 tuti
196 4067 354 4129 editionem
370 4069 495 4140 curavit,
519 4077 549 4129 et
572 4064 785 4148 quadripartita
813 4065 978 4125 fabularum
1001 4067 1168 4146 appendice
1188 4060 1226 4121 ud

125 4165 359 4245 comparandum
371 4166 510 4227 instruxit
524 4169 563 4228 D.
580 4166 662 4228 Guil.
680 4165 768 4243 lseps.
785 4167 900 4235 Posnae,
917 4165 995 4244 apud
1009 4166 1110 4225 Ktihn.
1126 4172 1155 4222 8.

190 4263 462 4329 censemus.
640 4262 739 4313 enarr.
1106 4256 1161 4305 sc
