2730 4688
571 274 735 329 renem.
1162 254 1219 334 13·

100 422 222 507 inquit,
237 424 247 455 ¹
259 419 443 487 Phaedrum
458 411 607 505 tsm'pore
621 413 835 506 Sejeni,'quo
847 439 885 487 se
900 409 1092 506 'scripsisse
1106 416 1206 491 tesm-

100 534 163 603 tur,
188 524 453 628 septuagenario:
466 524 627 608 majorem
650 523 756 589 irdme
782 525 986 607 oportuerit3
1020 525 1111 607 quod
1137 527 1207 593 veri

100 626 208 691 dmile
221 643 290 689 non
316 624 460 689 videtur.
506 624 586 707 lpse
617 624 704 688 enim
730 624 808 688 Lib.
833 639 885 688 ιι.
915 623 1005 706 Epil.
1021 625 1075 690 16.
1100 626 1206 710 (Epil.

100 728 139 795 L
155 744 212 793 ιιι.
226 727 280 793 16.
295 729 349 792 17.
363 736 488 791 nostroe
504 724 612 810 Edit.)
625 726 668 790 de
685 746 723 790 se
745 726 899 810 loquens,
914 726 966 790 sic
981 745 1084 791 unum
1098 748 1117 792 e
1133 731 1205 795 suis

98 829 251 915 pabonis
265 829 442 894 admonet:

448 930 538 996 Olim
553 933 648 996 senio
662 924 808 996 debilem

230 1034 370 1101 Frustra
383 1035 544 1119 adjuvare
556 1034 689 1099 bonitas
699 1035 825 1099 nitetur
839 1038 908 1098 tue.

100 1137 195 1202 'l'unc
218 1157 299 1221 ergo
320 1156 389 1202 nun
412 1144 482 1202 eret
507 1156 612 1219 neque
636 1154 751 1214 senex,
767 1153 876 1219 neque
901 1135 994 1199 senio
1017 1139 1203 1219 proximus.

101 1238 270 1305 Praeterea
298 1241 328 1304 si
357 1239 520 1304 abductus
549 1257 591 1302 eo
621 1245 770 1322 tempore
798 1239 833 1302 in
856 1237 1049 1302 servitutem
1074 1239 1205 1318 fuisset,

102 1346 240 1425 coptum
255 1359 332 1404 esse
346 1360 422 1406 cum
438 1339 538 1404 victis
553 1338 605 1403 vel
616 1338 808 1406 Thracibus
822 1338 878 1403 vel
894 1338 1019 1404 Bessis·
1028 1339 1205 1407 dicendum

100 1441 195 1520 foret,
209 1443 267 1526 qui
282 1443 413 1507 barbari
428 1444 525 1524 longe
539 1442 583 1505 eb
598 1440 758 1506 Auctoris
771 1439 876 1504 nostri
898 1440 1011 1523 petria
1029 1440 1205 1520 (Macedo-

101 1541 175 1627 nia)
185 1552 275 1608 erent
288 1544 332 1608 ed
347 1545 620 1628 septemtrionem
632 1540 772 1608 remoti-³
1127 1604 1131 1611 .

144 1643 322 1722 Plraedrus,
338 1651 439 1710 estete
452 1645 572 1730 puerili
586 1651 719 1728 captus,
734 1645 851 1708 nescio
865 1663 935 1729 quo
949 1662 1043 1724 casu,
1055 1643 1204 1710 Romam

100 1745 295 1832 deportatus
316 1746 470 1831 Augusto
494 1746 685 1829 imperatori
711 1747 924 1829 mancipatus
951 1751 1012 1824 est,
1034 1745 1093 1829 qui
1115 1763 1203 1822 eum,

100 1849 144 1913 ob
153 1868 282 1914 morum
297 1850 499 1933 probitatem
515 1854 614 1932 atque
632 1848 755 1932 ingenii
769 1847 979 1930 elegantiam,
993 1846 1205 1911 bonisliterie

100 1949 234 2013 curavit
260 1950 512 2028 instituendum,
536 1956 569 2013 et
592 1950 834 2014 manunnseum
859 1949 1012 2014 libertate
1041 1944 1205 2012 donaria*

100 2050 221 2115 Litoris
247 2059 358 2116 eutem
382 2050 515 2115 Latinis
543 2049 664 2115 Romae
688 2051 854 2114 imbutum
878 2049 984 2114 inisse
1009 2044 1204 2127 Plieedmm,

99 2151 153 2216 vel
181 2171 225 2216 ex
245 2150 335 2236 Epil.
361 2151 402 2216 L.
426 2167 484 2215 ιιι.
512 2151 567 2216 33.
602 2170 654 2234 sq.
677 2150 780 2236 (alies
801 2151 877 2218 Lib.
903 2167 955 2216 ιν.
978 2152 1033 2216 25.
1058 2151 1112 2217 33.
1130 2147 1207 2235 el.)

100 2259 212 2335 potest
233 2253 385 2336 intelligi,
401 2274 469 2337 quo
483 2253 561 2319 loco
580 2271 627 2316 ex
649 2253 749 2318 Ennii
764 2254 914 2338 Telepho
928 2272 1064 2320 versum
1078 2268 1205 2319 memo*
1224 2280 1231 2291 ⁴

100 2361 162 2431 ret,
194 2375 294 2438 quem
323 2374 360 2419 se
387 2374 528 2440 puerum
557 2355 726 2441 quondam
762 2357 883 2440 legisse
913 2361 1067 2434 testetur,
1102 2355 1205 2440 bajus

103 2458 291 2522 sententies:

233 2558 352 2623 Palam
365 2562 484 2626 mutire
499 2562 633 2645 plebeio
647 2561 817 2645 piaculum
833 2566 898 2626 est.

100 2656 124 2721 J
125 2677 179 2720 am
195 2677 275 2722 vero
296 2662 327 2723 si
351 2661 606 2744 perpendamus,
634 2662 810 2746 scripsisse
831 2660 967 2745 pob'tam
985 2658 1116 2726 fabulas
1139 2661 1205 2728 La·

100 2760 179 2836 tine,
194 2761 217 2824 i.
234 2780 264 2824 e.
281 2780 433 2826 sermone
448 2770 536 2827 terso
553 2772 653 2847 atque
666 2765 783 2846 polito,
799 2762 1005 2848 eundemque
1018 2783 1116 2827 usum
1130 2784 1205 2829 esse

100 2880 218 2942 genere
232 2860 365 2926 dicendi
381 2864 528 2946 simplici
550 2873 583 2929 et
606 2867 729 2944 faceto,
744 2871 888 2928 veterem
913 2866 1133 2930 urbanitatem
1155 2886 1206 2930 rc·

101 2961 254 3042 dolente3
293 2964 353 3026 vix
387 2965 547 3029 credibile
577 2971 640 3040 est,
668 2966 814 3047 aliquem
849 2965 893 3030 ad
920 2966 1023 3030 talem
1049 2969 1206 3032 sermonis

100 3062 219 3130 Latini:
229 3065 381 3146 peritiam
396 3068 522 3130 alicubi
540 3068 715 3151 pervenire
745 3068 907 3150 potuisse,
929 3069 995 3131 nisi
1024 3068 1157 3148 Romae,
1173 3075 1207 3134 et
1270 3083 1274 3087 ’

100 3165 200 3247 longo
215 3166 349 3250 quidem
365 3170 408 3231 ab
428 3171 562 3232 ineunte
588 3171 732 3251 pueritia
756 3178 845 3235 usu.y
889 3168 1069 3248 Quomodo
1089 3191 1205 3237 servus

101 3266 210 3333 iactus
225 3270 271 3331 sit
292 3268 452 3350 Augusti,
468 3271 576 3333 fateor
589 3290 642 3333 me
660 3272 800 3337 nescire.
845 3270 912 3333 Sed
934 3271 1070 3335 dubium
1094 3277 1208 3355 potest

101 3387 176 3431 esse
203 3371 343 3447 nullum,
371 3370 548 3434 Octavium
567 3371 752 3454 Augustum
774 3379 935 3453 nostrum,
960 3392 1035 3435 cum
1058 3374 1207 3457 perpoli-

101 3470 204 3534 visset
235 3472 340 3536 literis
366 3473 542 3554 ingenium,
578 3474 767 3538 asseruisse
801 3475 962 3551 libertati,
993 3481 1093 3558 atque
1120 3477 1206 3542 adeo

103 3568 282 3637 Pbaedrum
298 3572 430 3638 Octavii
447 3575 593 3657 Augusti
616 3577 722 3641 fluisse
745 3579 910 3642 libertum.
956 3575 998 3639 ln
1011 3576 1105 3643 libris
1119 3580 1206 3645 enim

101 3670 291 3740 fabularum
305 3675 391 3741 Mss.
406 3679 581 3762 expressis
595 3680 709 3744 verbis
724 3679 869 3763 Augusti
886 3684 1026 3744 vocatur
1039 3679 1206 3747 libertuss

598 3825 704 3887 NO'I'AE

137 3925 149 3969 ι
166 3916 280 3968 Harlesii
291 3919 373 3970 Notit.
391 3921 502 3974 Literet.
519 3922 596 3973 Rom.
608 3935 635 3986 p.
676 3924 800 3974 ‘Pboedri
811 3924 880 3990 Aug.
893 3925 952 3976 Lib.
961 3924 1088 3977 secundus
1097 3926 1207 3991 incipit!

104 3995 158 4044 ιιι.
168 3995 276 4045 Cresius
285 3996 302 4045 l.
312 4011 337 4045 c.
348 4011 374 4060 p.
382 4001 439 4050 ιω.
676 4000 709 4050 V.
720 4000 789 4050 (lud.
806 4001 836 4050 ln
846 4002 897 4052 Μι.
906 4003 979 4052 Rem.
990 4009 1057 4068 post.
1068 4003 1087 4051 l.
1104 4016 1131 4053 ν.
1150 4001 1225 4053 seb!

136 4076 147 4112 ι
163 4070 321 4122 Derbillenii
331 4073 410 4138 Disp.
421 4074 466 4126 eit.
475 4089 501 4138 p.
512 4088 551 4126 rr.
562 4088 603 4141 sq.
676 4080 717 4126 lo.
727 4077 737 4106 ⁴
746 4077 850 4128 Pboedri
858 4077 925 4143 Aug.
934 4078 1022 4129 ilberti
1029 4078 1095 4131 liber
1102 4079 1207 4146 quietus

136 4136 197 4208 tle
218 4146 285 4201 cod.
308 4149 408 4202 Pitboi
429 4149 557 4217 seriptm
578 4157 634 4204 eet:
676 4151 924 4218 experiebantur?
939 4154 1087 4208 Vld.Brot.
