2730 4688
502 217 752 325 nrnsnno.
1134 205 1182 280 m

71 379 169 441 terea
182 367 273 454 quod
285 365 418 434 munire
432 365 518 432 foret
532 366 724 450 Hispanus,
740 368 850 451 patria
865 367 1104 436 cordubensis.
1134 372 1182 440 At

70 492 140 540 non
154 469 286 535 exemit
300 466 540 547 Quintilianus,
555 469 624 551 qni,
638 488 704 553 qno
721 469 797 533 loco
819 469 861 533 de
881 469 1089 556 pbilosophis
1112 476 1180 557 egit

72 564 217 649 istob,
230 570 286 635 bis
299 569 394 634 illum
410 568 621 652 potissimum
642 571 890 652 annumerarit3
912 591 990 637 cum
1007 573 1092 638 inter
1105 595 1179 641 ora·

71 680 174 754 tores,
189 680 223 740 et
236 671 372 757 poetas,
388 676 423 735 et
437 671 523 736 alios
538 670 661 736 diversi
676 672 805 754 generis
820 674 1000 757 scriptores
1015 677 1179 758 potuisset

17 848 22 855 ,
71 777 205 842 tuisne.
248 772 361 839 Citius
377 771 520 837 dixerim
535 772 696 837 Senecam
709 773 762 837 vel
783 791 903 856 parum
916 773 971 838 bic
986 774 1178 857 attendisse,

75 879 157 962 quid
173 878 351 942 scriberet:
373 877 427 940 rel
450 874 552 952 istud,
567 882 605 940 nt
618 875 697 953 alia,
720 875 859 940 oblitum
884 887 1033 959 prorsus,
1053 896 1179 943 memo·

71 982 131 1045 riae
146 979 230 1045 vitio
244 995 417 1062 peccasse.
463 974 554 1039 Nam
576 976 719 1058 maligne
740 977 785 1040 ab
802 995 842 1040 eo
857 982 892 1041 et
905 978 1017 1046 invide
1031 980 1178 1064 preateri-

72 1087 144 1146 tum
158 1078 353 1155 Phaedrum,
376 1078 476 1161 quasi
498 1094 559 1160 pro
583 1074 686 1142 nihilo
706 1083 850 1162 putaret,
865 1082 925 1144 ant
940 1080 976 1143 in
989 1079 1113 1145 bonore
1135 1102 1178 1145 ac

72 1181 182 1267 pretio
195 1179 299 1245 nollet
322 1197 410 1256 esse,
436 1199 456 1242 a
481 1179 580 1262 cujus
602 1178 770 1244 munditia
784 1186 818 1245 et
832 1181 936 1245 nitore
957 1173 1092 1273 abe'ssct
1107 1191 1176 1270 tam

72 1282 212 1368 procu13
225 1281 291 1346 etsi
304 1298 371 1343 non
385 1281 530 1344 alienunt
542 1280 674 1347 ridetur
691 1282 837 1359 sumine,
851 1270 942 1366 quod
953 1282 987 1346 ei
1001 1280 1178 1361 Quintilia-

71 1387 198 1462 nus,et
211 1383 400 1460 Suetonius,
416 1401 458 1447 ac
480 1380 623 1447 Tacitus
644 1382 744 1446 etiam
767 1381 926 1463 inserunt3
947 1383 1046 1448 nolim
1064 1389 1179 1448 nmen

74 1486 188 1563 facile,
202 1504 243 1550 ac
255 1485 345 1550 nulla
359 1486 489 1549 ratione
503 1484 691 1562 manifesta,
707 1485 861 1549 detento
873 1485 950 1550 viro
963 1484 1064 1550 credi.
1087 1484 1196 1567 Illud,

73 1586 298 1663 verisimilius,
313 1587 536 1670 iniquissimis
555 1586 693 1664 Tiberii,
717 1584 893 1668 Caligula,
908 1584 1054 1664 claudii,
1071 1585 1177 1650 Nero·

72 1688 127 1753 nis
142 1689 360 1773 temporibus,
377 1708 452 1753 cnm
472 1690 600 1773 scripta
615 1689 736 1754 edictis
751 1686 962 1752 abolerentur
977 1692 1012 1752 et
1025 1695 1177 1752 senatus-

48 1789 248 1868 -conssltts,
275 1790 305 1853 si
328 1790 385 1856 oni
403 1789 522 1855 Politia
551 1797 612 1855 aut
635 1790 796 1855 historico
826 1790 963 1855 verbnm
993 1789 1177 1854 excidisset

71 1895 298 1976 opportunum
312 1889 476 1956 delationi
498 1897 532 1957 et
553 1892 749 1973 calumniae3
771 1911 849 1957 cum
861 1892 1029 1958 seliborae
1043 1888 1177 1976 quidem

71 1991 453 2073 relictaecogitationes3
476 2001 511 2059 et
530 1994 643 2077 opinio
667 1995 771 2080 tacita
793 1993 835 2057 de
858 1993 1021 2078 principe,
1037 1991 1177 2056 sicunde

71 2094 193 2158 velex
216 2095 313 2158 rultn
333 2095 425 2176 argui
447 2101 573 2177 posset,
596 2095 780 2179 majestatis
803 2112 861 2159 rea
885 2092 996 2174 fieret3
1025 2092 1176 2158 libellum

70 2191 268 2273 tabularum,
283 2195 381 2279 cnjus
403 2196 438 2258 iu
461 2195 616 2278 apologis
638 2196 808 2279 plerisque
832 2212 922 2259 mera
945 2194 1035 2259 illins
1058 2193 1176 2258 sacculi

69 2297 222 2381 tyrannia
247 2300 426 2373 notaretur,
456 2314 674 2379 suppressum
702 2295 807 2360 fnisse
833 2297 1004 2372 continno,
1031 2312 1073 2358 ac
1097 2311 1176 2357 era·

69 2400 189 2462 nuisse
203 2399 347 2475 tandem,
363 2403 402 2462 et
411 2399 598 2480 ignoratum
616 2416 637 2460 a
651 2396 792 2472 Seneca,
807 2401 840 2459 et
852 2396 989 2477 reliqna
1001 2393 1177 2479 posterita—

68 2499 117 2563 tis
133 2499 231 2562 ocnlo
246 2499 458 2564 subductum.
482 2498 536 2562 lta
549 2500 614 2561 suit
627 2504 717 2560 tanto
731 2497 884 2560 thesauro
900 2495 1013 2572 fatale,
1023 2501 1058 2558 nt
1069 2513 1176 2578 usque

70 2599 115 2664 ad
143 2605 278 2664 aetatem
303 2605 448 2665 nostram
475 2599 631 2663 defossus
655 2598 785 2661 lateret:
810 2601 880 2671 aut,
896 2595 1176 2679 quemadmodum

71 2702 113 2765 de
139 2721 178 2765 se
201 2708 320 2766 auctor
337 2702 484 2769 tutorum
509 2701 697 2783 praesensit,
710 2706 747 2763 nt
761 2701 794 2762 in
809 2699 1027 2780 sterquilinio,
1043 2697 1093 2762 sic
1108 2703 1178 2762 tan·

71 2822 174 2885 quam
190 2806 365 2887 margarita
381 2804 636 2889 pretiosissima,
648 2803 795 2885 jucerct3
816 2818 883 2865 non
898 2801 979 2884 quia
992 2818 1062 2864 non
1083 2801 1176 2864 bibol-

69 2905 239 2987 ligeretnr,
254 2906 312 2970 sed
327 2906 415 2989 quod
430 2925 471 2970 ne
486 2911 692 2987 compareret
705 2903 848 2986 quidem.
976 2924 980 2935 ·

192 3201 298 3266 Olaus
308 3201 503 3266 Borrichius
516 3203 551 3265 in
568 3201 861 3265 Dissertationibns
877 3199 918 3264 de
933 3199 1061 3264 Poetis.

116 3377 282 3444 Phaedrus
296 3378 411 3441 Thrax
426 3397 500 3442 aevo
515 3377 644 3441 Tiberii
659 3376 826 3452 inclaruit,
840 3374 1034 3439 notissimus
1054 3373 1101 3436 cb
1119 3392 1177 3438 ex·

72 3481 215 3567 quisitos
239 3479 317 3543 illos
342 3479 484 3555 iambos,
515 3479 637 3560 quibus
660 3477 793 3541 tabulas
820 3477 1002 3559 AEsopicas
1023 3476 1177 3557 illigavit,

72 3583 176 3647 libere
198 3582 234 3643 in
252 3598 362 3644 mores
382 3578 500 3643 saeculi
523 3578 589 3654 sui,
605 3578 665 3642 sed
688 3583 773 3650 tecte
787 3579 953 3642 invectus.
975 3616 979 3621 -
998 3576 1103 3641 Hunc
1117 3578 1177 3660 qui

73 3683 149 3748 Oct.
171 3681 317 3765 Augusti
332 3681 506 3746 Libertum
522 3680 671 3758 credunt,
696 3699 762 3743 nnn
784 3680 956 3744 advertunt
978 3680 1073 3756 satis,
1089 3684 1178 3743 artes

72 3784 190 3868 Sejani
210 3785 254 3848 ab
277 3804 319 3848 eo
341 3788 498 3860 attactas,
515 3801 600 3864 quas
622 3782 738 3864 utique
754 3781 882 3845 Tiberii
904 3781 1082 3862 imperium
1096 3798 1178 3861 ape·

73 3887 148 3964 ruit,
164 3905 230 3950 non
246 3884 436 3950 Octaviani.
475 3885 590 3950 Dictio
601 3884 675 3968 ejus
690 3902 777 3965 pura
788 3890 851 3959 est,
864 3887 899 3946 et
913 3881 1098 3959 emendata,
1113 3899 1178 3946 nec

74 3986 211 4071 indigna
228 4006 330 4070 quam
344 3988 511 4053 imitentur
525 3985 664 4069 Linguae
679 3984 808 4050 Latinae
824 3983 1005 4050 candidati.

140 4155 229 4218 Delplu.
238 4158 262 4202 st
279 4152 338 4204 l'ar.
349 4154 414 4203 Clas.
596 4152 694 4201 ΡΜ.
1091 4142 1112 4190 C
