2714 4696
125 275 191 339 570
472 287 583 336 noun
606 285 893 337 vanronurruu-

127 431 230 486 Praei.
263 430 333 481 Num
352 427 421 493 quod
442 433 512 478 erret
533 428 660 492 ipsorum,
697 425 817 478 formoair
847 427 1049 480 adoleaoentulir
1079 437 1233 489 romulu:

126 526 159 563 an
172 511 258 576 potina
270 509 339 573 quod
357 523 421 558 unna
440 522 472 557 ex
488 507 551 570 ipris
570 504 661 556 nefan·
697 511 783 555 umen
795 506 918 570 nequitie
930 522 985 558 enm
995 507 1045 558 lino
1059 510 1138 573 quari
1149 510 1233 562 roh·

125 589 161 639 do
172 587 231 635 lruie
245 584 345 648 flagitio
362 584 501 634 addictur?
535 581 659 632 solebant
696 579 884 645 obtendebant,
901 591 932 635 ut
945 582 1065 635 dicerent
1077 600 1109 635 ae
1120 601 1234 641 morem

126 664 194 713 enim
217 661 272 711 iere
294 662 320 711 id
350 675 429 724 genua
449 659 525 709 rimnl
548 670 659 722 corpore
697 670 769 707 ruunr
781 671 832 707 uon
844 657 877 709 ad
889 658 1073 726 foedamatqne
1085 660 1233 712 abominan-

125 745 253 802 quoeatum
270 736 367 786 lacere.
401 737 496 786 Deliein
511 743 552 785 eat
570 750 586 783 a
601 733 660 783 deli·
696 731 756 783 dam
779 747 917 797 eorpornm
938 736 1162 801 commixtionem,
1188 737 1233 788 aad

123 815 195 871 oium,
206 814 273 876 quod
286 814 328 863 liic
340 814 440 877 puerile
449 819 564 863 scortum
577 816 658 860 notat.
696 809 729 858 ad
740 810 949 865 constituendam
967 813 1108 863 amicitiam
1121 813 1232 864 referre.

125 889 180 943 Alii
190 891 198 916 ⁴
209 889 333 940 Deliciaa'
346 896 448 938 uocant.
478 888 529 938 sed
540 895 567 939 et
583 887 659 936 ‘De-
696 883 762 934 inde
774 885 903 937 uocabant
920 887 988 937 hune
1004 884 1081 950 lpum
1098 887 1139 937 dri
1155 887 1233 953 peip.

125 965 225 1016 lieium'
236 967 331 1030 legitur
342 965 411 1028 apud
424 963 583 1026 Martialem,
594 963 659 1015 licet
697 959 792 1011 Cicero
815 962 823 989 ⁴
847 976 959 1011 amorem
981 962 1121 1012 amicitie'
1144 964 1233 1015 uertit.

124 1042 177 1092 alio
194 1055 281 1090 aenan.
319 1041 385 1090 line
402 1041 492 1091 notari
510 1039 580 1102 olim,
598 1053 657 1089 eum
696 1038 873 1088 Siculmimm
883 1039 1120 1103 warannonis:
1137 1040 1231 1108 inquit,

126 1131 210 1180 nuper
221 1117 392 1179 amplissimus
402 1118 550 1168 Gronovius
562 1132 603 1167 me
614 1117 658 1166 ad·
696 1114 704 1141 ‘
717 1120 758 1165 eet
769 1115 838 1164 eninr
855 1129 927 1164 emor
942 1115 992 1165 iate
1004 1116 1146 1168 amicitie?
1181 1120 1231 1169 Cur

125 1199 225 1254 mouet,
248 1191 474 1256 distinguendum:
493 1193 585 1256 Rogati
602 1209 658 1243 noa
695 1204 781 1255 neque
798 1189 942 1241 deformem
952 1191 1150 1243 adolescentem
1165 1197 1230 1260 qnia·

123 1263 348 1331 unammdelicio
358 1285 400 1319 ruo
410 1270 529 1326 Quidnam
533 1270 658 1332 sociarent,
696 1282 772 1332 quam
782 1276 861 1330 amat,
871 1282 955 1333 neque
963 1267 1106 1321 formosum
1115 1272 1230 1325 renem?

90 1363 100 1374 ⁹
125 1360 159 1394 aa
171 1346 298 1398 Salmnaio
309 1347 341 1396 ad
353 1347 454 1397 illator.
474 1346 541 1408 Aug.
561 1361 587 1410 p.
598 1351 657 1397 498.
696 1343 770 1394 Idem
791 1344 1119 1397 cenomanniam
1135 1349 1230 1413 Diony·

124 1422 209 1475 Quam
229 1436 288 1474 oum
306 1438 357 1474 nee
372 1423 512 1473 habeamur
531 1424 591 1487 ipai,
607 1439 657 1474 nec
695 1419 760 1468 aium
778 1419 874 1469 Siciliae
895 1425 1031 1483 tyrannum
1051 1423 1148 1473 aoribit
1164 1438 1230 1474 moro

124 1497 230 1548 aliunde
251 1498 349 1551 lrabere
370 1499 506 1561 poraimur,
522 1512 554 1548 eo
574 1500 657 1549 lecto·
696 1494 945 1560 Graeciaequoadam
953 1495 1229 1552 adolescenreaanore

126 1588 180 1624 rem
193 1576 348 1637 relegamur.
381 1575 486 1625 Interea
501 1590 553 1625 nou
565 1576 657 1627 omitto
696 1571 982 1636 uonjunetoaliabuiare.
990 1573 1229 1639 Euaebiuadeprn·

125 1649 231 1713 addere,
251 1666 309 1715 quaa
321 1666 362 1701 me
372 1651 453 1701 docet
464 1652 533 1702 idem
546 1652 659 1716 optimus
696 1662 752 1711 par.
764 1648 889 1713 Euangel.
897 1649 917 1697 l.
927 1662 965 1697 vr.
976 1648 1034 1712 αφ’
1042 1646 1230 1709 'maniachi

125 1727 282 1777 Gronoviua.
316 1728 461 1793 ‘Fallitur,’
479 1729 658 1794 inquit,‘Sal·
696 1723 776 1788 copel,
798 1723 922 1789 ἐρωμένους
938 1722 1046 1789 ἔχοντες,
1064 1727 1092 1775 od
1108 1725 1229 1791 ψέγοντα.

124 1803 220 1852 meaios
247 1803 273 1851 in
300 1804 456 1866 exponendo
483 1805 528 1854 illo
558 1805 659 1868 Copoe3
695 1801 764 1851 Vide
782 1809 810 1850 et
826 1801 969 1851 Maximum
986 1803 1094 1865 l'yrium
1119 1805 1228 1855 Philoro-

124 1877 217 1938 ‘Hue‚
229 1878 358 1942 calybita,
368 1880 437 1941 ueni,
453 1878 535 1929 ferrus
549 1880 605 1943 jam
617 1895 658 1929 an·
696 1877 772 1940 pium
794 1877 961 1926 Platonicum
982 1878 1067 1928 Serui·
1084 1883 1111 1928 8.
1129 1894 1189 1931 euru
1205 1885 1227 1929 8.

125 1950 171 2002 dat
183 1954 286 2014 asellus,
303 1955 387 2004 Parce
404 1955 459 2015 illi;
477 1962 592 2005 restrum
613 1957 657 2005 de·
696 1967 751 2017 aeq.
785 1951 875 2002 liniret
887 1952 980 2002 hacde
992 1956 1167 2019 requendum,
1183 1959 1229 2008 nial

124 2028 211 2078 licium
222 2035 265 2078 eat
281 2030 384 2079 erinna!
417 2031 485 2080 Nem
501 2031 657 2082 membrano
695 2027 781 2092 fallor,
797 2029 876 2078 eliam
894 2029 1014 2079 Muretus
1033 2030 1062 2080 in
1080 2031 1146 2082 Var.
1159 2033 1231 2083 Loet.

124 2102 277 2153 Petariane
286 2119 344 2164 orae,
361 2118 420 2154 eum
437 2104 506 2155 liuea
521 2106 547 2154 in
559 2105 657 2170 eapite.
696 2120 754 2168 qum
772 2119 805 2155 ex
818 2105 864 2154 -lria
886 2105 983 2157 marris
1000 2106 1092 2169 augeri
1114 2115 1228 2173 ponuat.

125 2179 202 2229 Unde
212 2179 377 2230 acribendum
388 2197 395 2230 :
412 2181 492 2231 Verte
503 2183 612 2232 delicium
622 2187 658 2232 ert
697 2180 761 2230 nne.

123 2256 213 2306 uriam.
247 2257 366 2320 Cannam,
378 2272 424 2307 eur
434 2259 523 2308 Veste
533 2257 658 2308 delicium
727 2257 1101 2322 inidanmfe'eiaaertJhpe
1111 2261 1231 2318 Quinam

124 2330 228 2383 dietim
249 2332 344 2394 trinua,
373 2331 453 2382 trabea
476 2331 544 2397 apud
576 2331 657 2383 Ouid.
695 2330 751 2396 (rel
772 2331 837 2388 Quid
854 2334 899 2391 itu,
916 2343 946 2383 ut
965 2333 1019 2384 fab.
1036 2339 1063 2386 ⁹.
1080 2337 1088 2364 ‘
1103 2336 1176 2390 Quid
1192 2339 1230 2389 ita

124 2406 197 2458 uua
207 2421 247 2456 rr.
257 2422 297 2458 vs.
306 2412 363 2459 22⁰.
372 2416 400 2458 et
409 2409 575 2460 Laetmtium
585 2409 629 2460 lib.
638 2422 657 2461 r.
695 2415 831 2459 oerrnrnnt
841 2409 960 2474 pederl')
975 2409 1128 2465 uadunt
1138 2413 1181 2463 ire
1191 2413 1232 2474 ,io-

124 2496 149 2532 ο.
161 2481 213 2532 113
230 2481 311 2545 Scies.
344 2484 464 2534 Delicium
479 2498 527 2549 pro
547 2484 658 2535 einmdu.
695 2483 744 2534 orti
760 2489 816 2533 runt
832 2487 916 2536 nodo.-
933 2501 1005 2550 aupr.
1019 2485 1072 2538 tab.
1083 2492 1127 2541 17.
1143 2491 1230 2541 ‘'l'nnr

123 2558 166 2608 Sic
178 2557 249 2608 Galli
261 2558 330 2623 apud
342 2558 492 2623 Apuleium.
521 2560 657 2611 VidGro·
696 2558 835 2624 riejooatu
854 2563 976 2611 eattanti
992 2565 1120 2628 majeataa
1138 2566 1229 2617 decia!

124 2649 183 2683 nou.
205 2635 238 2683 ad
256 2635 325 2684 Stat.
341 2650 441 2684 comam
452 2636 549 2685 Earini.
569 2637 658 2688 Heina.
696 2635 784 2684 lirina.
816 2637 1046 2689 Vid.euudemad
1058 2640 1232 2696 Ovid.'l'rirta

124 2711 131 2738 ‘
153 2710 284 2760 Deliclaa'
313 2719 341 2760 et
365 2712 373 2739 ⁴
393 2712 546 2762 Delicatou'
563 2727 657 2776 pueros
698 2713 807 2758 v·l·2⁰·

125 2785 210 2835 dictor
221 2786 353 2836 constabit
364 2801 397 2835 ex
407 2789 475 2837 notia
495 2789 527 2838 ad
548 2789 657 2840 Pelion.
731 2784 852 2838 Quidnam
865 2786 993 2851 francae]
1017 2791 1081 2855 Leg.
1102 2795 1231 2859 Quian,

125 2872 227 2909 nuru.
235 2868 262 2910 et
270 2875 349 2910 narrt.
359 2863 405 2912 eed
415 2864 455 2913 hic
463 2865 657 2917 distinctionem
696 2859 723 2909 id
735 2865 783 2923 est,
799 2861 888 2911 Quare
898 2860 1036 2915 iecissent?
1053 2868 1232 2936 sollicetum

124 2935 242 2987 Salmaaii
260 2951 346 2986 veram
363 2946 436 3001 puto.
471 2939 514 2991 Au
526 2956 589 2991 vero
599 2944 657 2992 deli·
696 2950 763 3000 pann
774 2950 807 2985 ex
818 2938 887 3000 pella
897 2940 974 3000 uini,
984 2942 1048 2991 ⁵⁸fi⁸
1058 2943 1120 2994 dum
1131 2947 1231 2998 vivent

123 3011 160 3062 cio
179 3013 269 3076 rapies
286 3013 384 3083 dativo,
402 3030 433 3064 an
450 3015 568 3067 ablativo
588 3032 658 3079 caan,
697 3014 779 3076 plagia
799 3014 911 3065 enutriri.
943 3017 1073 3067 Quidnam
1097 3019 1229 3085 sociarent,

125 3088 248 3152 positum,
275 3103 333 3139 urea
355 3105 445 3153 purum
468 3091 587 3153 intereat,
613 3092 657 3156 qui
695 3103 745 3138 uon
755 3098 812 3139 erat
821 3102 1007 3155 curquaereret
1018 3095 1149 3147 Delicium
1159 3100 1231 3150 illud.

124 3172 263 3230 utrumque
272 3167 395 3216 uallatum
407 3168 542 3217 noverim:
560 3167 607 3217 aed
619 3175 657 3217 ta-
696 3166 811 3218 Vldebat
832 3169 904 3233 enim
927 3176 1049 3232 tympana
1069 3187 1129 3225 eane
1151 3174 1232 3228 faeta.

125 3256 184 3291 men
206 3243 349 3293 ablativum
380 3243 422 3293 hio
449 3242 610 3307 praeferrem,
630 3251 659 3295 et
696 3242 738 3293 An
750 3245 880 3306 Quidum,
891 3245 977 3309 idert,
990 3249 1033 3298 Ob
1045 3250 1125 3313 quid?
1142 3254 1207 3305 Rite.

125 3319 273 3382 supplerem
301 3334 349 3384 per
378 3321 590 3384 propositionem
611 3323 656 3378 de,·
728 3321 826 3386 beuti]
842 3324 928 3389 Supra
946 3325 991 3374 lib.
1004 3339 1023 3374 ι.
1036 3341 1060 3375 c.
1072 3332 1098 3377 6.
1116 3331 1180 3382 ‘Sic
1191 3340 1232 3382 eat

126 3395 234 3459 quidde
253 3396 336 3446 delicio
355 3397 518 3457 auofeeirret.
551 3397 657 3447 Vid.ed
696 3396 807 3458 loeutue,
823 3401 941 3465 partibus
958 3400 1045 3465 factis,
1066 3404 1127 3454 leo!
1161 3408 1229 3459 itero

125 3469 381 3522 Quinct.1nst.1.5.
399 3479 427 3520 et
438 3472 542 3520 Pasaer.
563 3472 596 3521 ad
614 3473 656 3523 ci·
698 3489 720 3524 c.
730 3479 772 3525 28.
789 3478 895 3528 ‘Quem
914 3484 987 3526 atana
1005 3479 1134 3530 volturius
1144 3497 1231 3547 anper,

127 3560 181 3598 cer.
198 3562 245 3610 pro
258 3547 355 3598 Caeeiu.
367 3562 398 3598 rr.
417 3555 444 3597 et
462 3547 518 3611 Syl.
536 3547 570 3597 ad
582 3547 657 3602 Orat.
696 3550 791 3600 Fertur
802 3552 929 3601 loeutus?
946 3552 992 3601 lib.
1003 3567 1047 3603 ιιι.
1066 3569 1091 3605 c.
1103 3561 1127 3606 ta
1144 3559 1229 3608 ‘Tum

125 3635 172 3684 pro
185 3623 375 3675 Cluent.nxv1.
392 3625 480 3673 Burm.
694 3625 731 3675 aie
750 3627 839 3678 locuta
856 3637 896 3677 est
918 3630 984 3678 tanti
995 3631 1120 3693 majestas
1132 3632 1229 3684 duoirr'

135 3697 267 3767 stellein]
292 3701 410 3750 Delicium
439 3702 568 3751 uocabant
595 3717 657 3767 pue·
695 3701 738 3753 lta
755 3719 865 3768 namque
882 3704 1030 3755 habiremnt
1044 3716 1160 3760 veteres.
1194 3713 1228 3762 Et

126 3785 192 3835 rum,
207 3787 284 3837 quem
307 3775 334 3823 in
355 3776 485 3826 amoribus
507 3776 657 3829 habebant:
694 3778 740 3827 lib.
754 3794 792 3832 rr.
810 3796 835 3830 e.
850 3785 874 3830 ³.
899 3782 1063 3846 ‘Postquam
1084 3786 1231 3853 interfecit,

125 3847 270 3909 rdrmlrud.
304 3849 379 3901 Adeo
390 3853 458 3901 euim
470 3852 520 3901 hoe
532 3853 655 3903 usitatum
694 3852 732 3903 ric
744 3856 985 3906 loeutuatraditurz‘
997 3867 1023 3908 et
1037 3875 1096 3924 cap.
1107 3867 1146 3912 1⁷.
1164 3865 1228 3916 ‘Sic

127 3931 184 3977 erut
206 3925 318 3987 Graecis,
337 3934 366 3975 ut
387 3931 467 3978 etiam
490 3936 568 3993 turpe
589 3937 657 3981 eeaet
694 3932 847 3982 ertloeutua
859 3941 921 3983 aute
934 3949 1035 3996 poenam
1049 3937 1183 4002 Jupiter?
1200 3947 1230 3991 et

126 4015 216 4066 puero,
241 4009 380 4052 arrrntorem
408 4006 506 4054 nullum
531 4007 656 4071 reperire.
694 4006 739 4055 lib.
753 4023 776 4058 v.
793 4010 958 4061 o.5.‘0uua
970 4022 1123 4075 aspernatur
1134 4017 1226 4067 illatio

127 4079 280 4144 Quanquam
288 4085 372 4129 autern
383 4081 426 4130 rix
436 4080 593 4147 effugiebant
602 4099 658 4149 pro·
694 4084 795 4135 loeutua
806 4085 866 4135 eat!
894 4086 1020 4137 Ostendit
1031 4091 1072 4139 vel
1084 4105 1226 4144 oonaenrur

126 4153 178 4218 bri,
199 4157 251 4207 imo
273 4155 380 4207 seeleria
400 4158 581 4225 rurpicionem,
598 4176 656 4213 cum
694 4159 754 4226 ine,
762 4161 798 4213 nil
810 4162 837 4213 in
847 4163 911 4214 lucia
921 4163 960 4214 luia
970 4164 1133 4232 mutandum,
1141 4183 1227 4236 neone
