2730 4688
129 535 246 614 tendit,
258 535 319 602 uix
333 539 388 601 est
399 532 573 600 credibile.

171 635 335 704 Netmam
355 635 513 702 monime
529 633 709 703 thdrum
730 635 907 719 probitet‘m
928 641 1027 720 atque
1041 635 1230 702 homuntio

129 741 304 816 mantem,
330 741 383 805 tot
403 736 545 819 egregiae
569 736 751 803 ostendunt
779 725 963 815 moenum,
985 757 1061 820 quae
1087 738 1123 801 in
1150 737 1232 820 ejus

128 840 317 913 sonuum
329 841 496 924 opusculo
508 840 667 923 legrmtur.
710 840 754 905 ld
768 841 881 926 ipsum
893 839 1067 924 probitatis
1081 838 1232 905 enimes·

85 969 90 979 ·
129 941 413 1026 quehonu'numa
426 940 518 1008 vitiis
537 940 582 1007 ed
604 941 762 1007 virtutem
783 939 1148 1016 eaooemdstudim,
1162 956 1232 1003 non

128 1043 240 1116 melus
255 1041 398 1120 enimus
412 1059 489 1116 eum
508 1040 555 1108 sd
575 1042 768 1108 scribendas
788 1042 922 1109 fabuhs
942 1040 1111 1106 adm
1131 1037 1229 1103 uide·

129 1154 207 1226 tur;
233 1143 512 1229 quemadmodum
535 1145 683 1213 emultis
697 1145 853 1230 cpuseuii
873 1145 926 1209 sui
948 1143 1034 1209 locis
1047 1142 1230 1212 luculenter

129 1249 284 1330 apparet.
328 1245 386 1312 Sic
401 1246 522 1312 scribit
535 1245 718 1313 ProLIaiia
734 1245 867 1311 mm
1207 1242 1213 1255 '

258 1345 335 1413 Nec
348 1347 441 1414 eliud
454 1348 634 1435 quicqum
647 1367 706 1431 per
717 1345 861 1412 inbelles
874 1346 1045 1429 quaeritur,

259 1447 372 1528 Quam
386 1451 572 1534 corogatm
585 1469 673 1516 error
686 1455 724 1515 ut
735 1449 934 1517 mortalium.
1062 1502 1069 1511 .

129 1553 199 1619 Sed
215 1552 307 1620 Proi.
324 1552 402 1619 lib.
418 1570 444 1618 ι.
458 1553 491 1619 a
505 1555 539 1619 4.

256 1654 395 1738 Duplex
407 1654 515 1721 libold
528 1654 592 1719 dos
606 1659 677 1720 est:
700 1654 791 1739 quod
804 1654 908 1718 risum
920 1663 1044 1731 movet,

257 1755 304 1822 Iit
317 1755 408 1840 quod
422 1755 577 1839 prudenti
589 1756 694 1821 dmm
709 1755 852 1821 consilio
865 1758 988 1819 mouet.

129 1854 264 1935 Quium
278 1856 424 1941 adjungo
438 1855 547 1921 locum
563 1854 654 1920 Prot
670 1873 726 1920 nr.
738 1856 793 1922 49.
807 1857 862 1920 ct).

259 1957 1055 2044 Nequeenimnotaresingulesrneusestmihi,

256 2058 386 2125 Verum
399 2059 510 2143 ipsum
524 2059 626 2125 vitam
637 2067 673 2125 et
685 2079 795 2125 mores
808 2059 978 2125 homiuum
994 2057 1174 2124 ostendere

128 2158 210 2225 Huc
223 2179 356 2244 quoque
384 2159 601 2238 referendum,
617 2159 710 2244 qnod
723 2160 825 2228 hebet
845 2160 920 2224 Lib·
937 2174 978 2223 ιι.
992 2157 1061 2224 fab.
1077 2159 1109 2223 6.
1127 2160 1161 2224 5.
1184 2160 1227 2225 de

128 2259 328 2327 erdeiiom
341 2262 607 2338 mtiene‚multa
618 2262 844 2345 ageodonihil
858 2272 991 2345 agente:

257 2362 360 2429 Hanc
372 2363 561 2442 emendare,
575 2364 607 2430 si
621 2367 730 2430 amen
745 2380 896 2447 possum,
910 2364 999 2429 volo.

128 2461 170 2528 ln
197 2483 267 2546 quc
293 2469 404 2531 nmen
429 2464 553 2546 studio,
580 2485 688 2532 mores
715 2467 885 2531 hominum
906 2465 1106 2548 corrigendi,
1126 2464 1227 2549 justo

127 2566 291 2631 sudseior
315 2575 351 2633 et
374 2586 495 2651 parum
515 2574 635 2634 coutm
655 2568 882 2652 providusque
907 2567 1025 2644 fuisse,
1049 2573 1085 2631 et
1106 2568 1227 2631 urbem

126 2668 364 2750 principesque
387 2669 492 2732 nimio
516 2670 587 2732 sele
608 2668 807 2734 defricuisse
829 2669 1000 2750 putandus
1013 2667 1092 2733 eet.⁴
1134 2666 1226 2746 Qum

127 2785 206 2832 cum
228 2769 278 2832 its
302 2768 380 2846 sint,
407 2769 562 2852 equidem
595 2768 695 2833 nolim
721 2768 919 2834 contendere
943 2788 1021 2834 cum
1044 2768 1227 2848 Schsd'ero,

127 2869 267 2951 primam
293 2869 541 2935 scribmdarum
561 2864 746 2935 ssbuhrum
767 2889 904 2935 causam
924 2870 1030 2935 inisse
1049 2871 1227 2937 calamito-

126 2979 205 3051 tem,
219 2974 254 3037 in
269 2993 372 3057 qnam
397 2974 476 3038 edio
500 2981 535 3038 et
557 2976 786 3058 persecutione
811 2973 928 3059 Sejani
950 2975 1105 3040 inciderit
1124 2972 1227 3040 Phor·

127 3075 224 3155 drue3
239 3076 310 3158 qui,
322 3094 399 3140 cum
413 3077 446 3140 ei
459 3094 527 3140 nou
537 3074 666 3140 licuerit
679 3081 800 3160 aperte,
814 3077 860 3141 ob
870 3075 1225 3162 adversarium‘poteu·

127 3181 206 3253 tem,
229 3178 358 3242 occulte
383 3177 501 3242 saltem
524 3181 559 3241 et
583 3177 647 3240 sub
668 3176 1046 3242 involuerisiebularnm
1061 3177 1224 3244 fmmnm

125 3296 304 3363 exponere,
318 3277 592 3364 depingendoque
603 3297 715 3343 mores
729 3279 803 3364 ejus
816 3285 852 3344 et
864 3278 1004 3361 flagitia,
1018 3279 1113 3344 velut
1128 3279 1227 3345 uitio·

126 3399 201 3444 nem
217 3400 345 3447 sumere
367 3381 410 3446 de
432 3382 522 3466 ipso,
548 3399 650 3465 seque
670 3381 836 3447 consolari
851 3381 906 3451 sie
927 3381 1122 3463 susceperit
1169 3381 1225 3448 ltu

126 3482 214 3545 enim
235 3482 385 3564 intelligit
407 3484 518 3546 locum
544 3483 635 3547 Prol.
660 3483 737 3549 Lib.
764 3500 821 3548 111.
840 3483 952 3548 3440.
1006 3481 1074 3546 Sed
1093 3488 1225 3548 autece-

127 3581 241 3646 dentia
265 3582 398 3659 docent,
424 3603 502 3649 vero
530 3604 605 3649 esse
633 3584 850 3661 simillimum,
874 3582 1055 3648 Phaedrum
1077 3582 1223 3662 demum,

127 3681 261 3745 duobus
290 3683 454 3766 prioribus
483 3684 668 3750 fabularum
689 3683 784 3748 libris
812 3684 846 3748 in
873 3684 994 3767 uulgus
1018 3683 1163 3761 emissis,
1190 3685 1225 3750 in

127 3781 238 3852 odium
251 3783 386 3850 venisse
410 3784 533 3872 Sejani,
556 3785 701 3852 auctoris
731 3785 934 3854 calamitatis
954 3805 1049 3870 suae3
1071 3784 1223 3872 adeoque

619 4007 725 4061 Nom

480 4148 491 4182 ⁶
509 4136 684 4202 Drsbiliooins
697 4150 713 4202 1.
725 4164 748 4202 e.
760 4164 785 4221 p.
797 4163 860 4205 mu.
