2714 4696
123 282 189 347 710
368 292 562 344 nsosusus
588 291 803 342 snrrronou
830 285 996 339 eunom.

126 446 224 507 denuo
238 446 385 507 recensuit
402 455 434 507 et
455 446 722 506 animadversiones
746 442 872 504 addidit.
895 441 1077 521 Antrerpiae,
1093 461 1131 502 ex
1154 437 1224 500 offic.

127 543 309 603 plantiniana
324 543 528 622 Rapbelengii.
553 542 714 603 8.-Nulla
728 541 784 599 alia
798 551 855 610 cst,
872 560 959 618 qnam
973 539 1067 599 editio
1082 544 1226 606 an.1598.

127 640 175 698 cui
200 639 422 717 Raplrelengius
453 658 559 697 novum
587 639 704 698 titulnrn
727 634 865 715 praefixit,
894 644 926 694 et
952 636 1077 695 Meursii
1102 632 1229 695 animad-

14 784 17 792 .
127 737 277 795 versiones
317 735 441 813 adjecit,
474 734 512 794 dc
547 735 654 813 quibus
677 728 722 793 ¹sic
756 731 860 792 statuit
893 731 1114 791 Desbillouius:
1158 729 1230 787 ‘ile

127 831 392 890 animadversiones
426 831 487 889 viro
509 841 566 889 tam
592 828 711 889 erudito
735 847 853 907 prorsus
891 827 1020 905 indignae
1050 835 1140 886 sunt:
1176 842 1231 882 non

127 937 242 988 tantum
265 928 341 986 enirn
365 927 456 986 multa
477 944 541 985 esse
563 923 707 985 mutanda
730 934 760 983 et
783 923 987 1000 interpolanda
1012 932 1045 982 ct
1059 919 1234 982 addendaet

128 1024 327 1085 abscindenda
348 1042 500 1102 perperam
514 1023 669 1100 opinatur:
691 1030 722 1079 at
738 1039 838 1079 versus
847 1019 935 1079 etiam
951 1020 1065 1097 aliquot
1080 1027 1142 1077 tam
1156 1034 1232 1074 enor-

129 1121 215 1180 miter
228 1119 340 1197 diffingi
352 1120 425 1189 vult,
441 1128 472 1178 ut
489 1119 553 1195 jam
580 1137 638 1177 norr
661 1119 725 1196 ipsa
749 1116 811 1175 sive
836 1135 949 1186 sensus,
972 1119 1033 1174 sire
1060 1112 1234 1180 Latinitatis,

130 1236 180 1276 seu
206 1215 289 1274 metri
316 1214 392 1274 ratio
421 1225 556 1275 constare
566 1214 693 1303 possit!
734 1211 831 1273 Nobis
855 1221 1025 1271 tamennon
1048 1210 1079 1269 in
1103 1210 1236 1270 omnibus

129 1313 207 1372 ausis
220 1311 320 1371 infelix
333 1311 424 1371 luisse
437 1311 554 1371 videtur
567 1310 725 1370 Meursius.

171 1408 360 1468 -Neveleti:
392 1407 579 1487 Mytbologia
592 1405 740 1484 AEsopica‚
757 1404 786 1462 io
810 1423 870 1479 qua
892 1397 996 1481 AEsopi
1017 1403 1143 1463 Fabulae
1158 1404 1238 1462 Grae·

133 1503 298 1567 coLatinae
312 1520 468 1565 ccxcvii.
489 1523 613 1581 quarum
644 1518 790 1563 cxxxvi.
812 1502 936 1579 primurn
964 1500 1126 1578 prodeunt.
1150 1503 1238 1559 Acoe-

132 1601 338 1662 duntBabriae
353 1602 475 1661 Fabulae
496 1601 584 1660 etiarn
611 1600 768 1660 auctiores.
819 1599 971 1677 Anonymi
991 1599 1102 1659 veteris
1122 1595 1239 1658 Fabulae

57 1730 61 1738 ·
133 1698 239 1757 latino
254 1698 383 1758 carmine
398 1697 522 1759 redditae
538 1714 595 1757 nx.
611 1718 647 1757 ex
670 1697 791 1758 exoletis
807 1695 986 1756 editionibus
1005 1705 1036 1755 ct
1052 1694 1170 1756 Codice
1184 1695 1239 1753 llis.

134 1795 194 1854 luci
210 1794 352 1854 redditae:
377 1796 451 1854 llaec
475 1794 571 1854 omnia
596 1816 632 1854 ex
655 1794 840 1853 Bibliotheca
864 1791 1007 1851 Palatina.
1052 1792 1242 1870 Adjiciuntnr

134 1892 255 1969 insuper
270 1890 396 1961 Phaedri,
413 1890 527 1961 Avieni,
543 1891 688 1949 Abstemii
716 1888 847 1961 Fabulae,
862 1907 953 1966 opera
974 1898 1005 1947 et
1024 1886 1130 1948 studio
1152 1888 1242 1948 lsaaci

68 1991 74 2005 ¹
136 1986 254 2047 Nicolai
269 1986 417 2057 Neveleti,
434 2006 502 2045 cerm
518 1986 594 2045 notis
608 1985 741 2064 ejusdem
754 1986 783 2043 in
798 1983 914 2045 eadem.
937 1984 1139 2058 Francofurti,
1170 1985 1241 2065 typis

135 2083 204 2144 Nic.
228 2082 408 2142 Hoffmanni.
443 2085 579 2161 lmpensa
602 2085 689 2145 Jonae
714 2083 802 2142 Rosae
827 2098 867 2142 m.
891 2097 947 2141 nc.
968 2097 1004 2140 x.
1028 2091 1058 2142 8.
1081 2102 1153 2141 curn
1177 2081 1241 2162 figg.

137 2181 211 2240 bur.
239 2179 352 2257 aVirg.
373 2179 457 2252 Solis,
472 2181 690 2259 chalcograplro
704 2190 734 2240 et
748 2186 837 2257 poeta
855 2178 1242 2258 Norinrbergensi.-Nere·

138 2278 225 2349 letus,
239 2275 345 2336 Pithoei
358 2295 395 2336 cx
410 2297 509 2337 sorore
524 2296 626 2355 nepos,
640 2285 753 2337 textum
767 2276 871 2336 Pitboei
883 2275 1007 2336 maxime
1018 2286 1156 2347 secutus,
1171 2273 1240 2336 Cod.

137 2374 285 2435 Pitboean.
301 2382 357 2433 vet.
372 2373 529 2433 lectionem
544 2375 573 2432 in
589 2373 720 2453 margine
731 2373 872 2452 ascripsit,
889 2373 998 2451 passim
1007 2382 1109 2434 tamen
1122 2372 1242 2452 Rigaltio
1265 2441 1271 2458 ,

139 2474 215 2533 bene
230 2470 392 2530 obsecutus
407 2479 470 2529 est:
492 2471 520 2528 in
536 2469 614 2529 notis
628 2469 667 2528 ad
686 2468 845 2528 Phaedrum
860 2469 974 2529 brevius
994 2470 1142 2529 rationem
1163 2469 1242 2540 dixit,

139 2571 263 2647 ipseque
278 2565 496 2626 emendationes
511 2566 678 2644 proposuit,
692 2566 736 2623 vel
751 2574 901 2641 praeeunte
916 2566 1054 2635 Romulo,
1067 2567 1119 2642 qui
1135 2565 1242 2626 Phaedri

138 2661 256 2724 fabulas
272 2663 513 2722 solutaoratioue
528 2662 666 2734 reddidit,
691 2660 786 2720 verbis
806 2671 837 2719 ut
864 2661 1021 2739 plurimum
1047 2664 1182 2733 servatis,
1203 2663 1241 2721 vel

139 2759 245 2818 codice
269 2760 328 2816 Ms.
353 2758 432 2816 Petri
457 2759 597 2829 Danielis,
621 2760 666 2817 vel
692 2761 833 2827 Grutero,
859 2777 919 2834 quo
944 2776 1014 2817 usus
1036 2769 1082 2817 est
1109 2759 1241 2839 magistro

134 2854 254 2931 juvenis
267 2852 469 2925 doctissimus,
483 2856 528 2913 vel
543 2856 631 2914 etiam
646 2857 767 2934 proprio
779 2857 899 2933 adjutus
910 2856 1036 2933 ingenio.

183 2950 260 3019 1617
282 2949 431 3028 Rigaltina
447 2969 486 3012 11.
503 2952 621 3011 Phaedri
636 2956 714 3030 Aug.
731 2953 797 3013 Lib.
812 2953 988 3012 Fabularum
1003 2953 1153 3032 AEsopiar.
1170 2953 1243 3012 Libri

141 3065 172 3107 v.
202 3048 288 3106 Nova
309 3047 411 3107 editio.
448 3048 535 3108 Oliva
563 3050 687 3109 Robcrti
713 3051 867 3128 Stephani.
889 3049 1044 3128 (Parisiis.)
1063 3049 1155 3118 1617.
1180 3062 1244 3109 4.-

141 3146 216 3204 Rara
230 3145 333 3216 editio,
347 3154 377 3205 et
391 3144 482 3204 nitide
505 3148 583 3225 typis
597 3148 748 3226 descripta
763 3149 934 3225 majoribus,
949 3146 1051 3205 fasciis
1066 3147 1245 3227 marginum-

141 3263 199 3320 que
213 3242 304 3301 literis
319 3242 496 3321 capitalibus
511 3243 601 3303 minio
623 3245 763 3304 coloratis
782 3243 933 3315 distincta,
949 3263 1018 3303 eum
1039 3245 1117 3302 notis
1135 3242 1246 3322 Rigaltii

144 3339 367 3417 posterioribus.
410 3340 541 3400 Textum
564 3342 683 3402 exhibet
707 3362 725 3401 a
749 3342 901 3402 Pithoeano
926 3360 984 3399 non
1007 3360 1074 3401 raro
1089 3341 1245 3413 diversum,

145 3436 236 3514 quod,
247 3436 406 3514 judicante
429 3438 622 3511 Desbillonio,
643 3459 700 3499 non
723 3450 782 3500 tarn
805 3439 967 3499 diversitati
987 3439 1149 3511 Codicum,
1164 3458 1247 3518 quarn

143 3532 266 3593 editoris
286 3532 400 3593 libidini
423 3535 629 3595 ascribendum
653 3546 708 3607 est,
723 3536 772 3614 qui
795 3536 924 3613 quamvis
940 3555 1020 3614 saepe
1035 3555 1050 3593 a
1068 3537 1130 3595 Ms.
1147 3536 1248 3595 codice

144 3631 292 3700 Remcnsi,
304 3650 364 3708 quo
378 3630 470 3708 prima
484 3632 548 3692 viee
563 3633 592 3691 in
606 3633 776 3694 adornanda
791 3634 846 3693 hac
860 3633 987 3693 editione
1001 3653 1072 3693 usus
1087 3643 1146 3704 est,
1159 3631 1247 3708 (conl.

144 3745 173 3784 a.
191 3727 293 3800 1599.)
307 3724 437 3787 diversus
455 3728 569 3801 abierit,
584 3739 615 3789 et
637 3731 778 3790 nonnulla
800 3730 887 3790 etiam
911 3729 1040 3789 auctoris
1063 3732 1155 3790 verba
1174 3730 1249 3789 malo

144 3840 266 3898 prorsus
279 3824 415 3901 exemplo
429 3824 568 3899 omiserit,
585 3826 656 3886 nihil
671 3838 767 3887 tameo
781 3826 841 3887 fere
856 3846 982 3905 usquam
998 3828 1148 3906 superbis
1162 3826 1250 3887 disse·

143 3914 212 3985 ruit,
227 3916 406 3979 lectoremve
420 3922 608 3982 commonuit.

148 4011 303 4168 BPhaedri
328 4016 448 4078 Fabulae
471 4038 538 4080 cum
562 4019 861 4086 animadversionibus
885 4022 933 4082 Jo.
955 4020 1090 4082 Meursii.
1116 4021 1252 4103 Lugduni

174 4117 215 4170 at.
231 4117 257 4169 a.
