2714 4696
332 303 482 352 eumont
508 303 591 353 aaa.
615 303 842 378 asculanum
868 302 951 355 mn:
968 307 1001 356 v.
1023 290 1083 357 10:
1186 295 1250 359 701

151 447 213 508 quud
223 459 317 495 sumum
334 451 457 496 monente
468 447 494 496 id
505 447 583 496 etiam
595 447 683 512 Rigal·
720 461 800 497 senex
810 462 874 512 sum,
885 453 912 499 et
929 462 1052 499 annorum
1076 448 1250 514 depraedatio·

151 524 197 572 tio.
226 525 332 587 Syllaba
350 541 413 576 vero
430 527 504 577 deest
525 527 620 592 versui,
640 527 682 577 cni
718 521 1030 575 nemacdamnaseutio.
1065 526 1109 575 Sic
1127 533 1155 575 et
1171 541 1250 590 supra

149 600 279 650 laboranti
296 608 326 651 ut
340 602 477 652 subveniat
496 595 619 667 Pithoeus',
637 618 682 653 ne·
717 601 855 666 aliquoties
869 602 902 651 de
918 610 1053 653 senectute
1064 617 1110 652 sna
1122 604 1248 654 Phaedrus

149 675 611 743 gatlvamintrnsir,quodsonmmm.
638 681 681 731 ln.
717 677 848 731 meminit:
875 679 913 728 nti
936 686 964 728 et
985 679 1019 729 de
1041 680 1247 732 adversariorum

148 751 260 803 feliciter
282 761 356 804 tanto
378 757 469 819 magis,
487 757 557 822 quod
578 757 634 807 aliis
652 758 679 808 id
716 767 818 803 auorum
840 754 986 821 iniquitute.
1024 758 1200 822 Deutraque
1220 763 1249 807 et

147 826 233 878 fraudi
245 827 334 879 fuerit.
364 831 434 881 Hinc
446 832 513 882 euim
526 834 677 898 conjecere:
715 830 756 880 hic
767 833 890 880 nonnulla
901 833 1042 896 subjecisse
1058 833 1170 896 videtur,
1189 847 1247 903 qun

146 907 207 967 quod
217 920 424 962 sessanum-non
433 907 679 972 animadvertentes,
715 908 821 971 perlisse
842 909 960 960 indicant
981 911 1107 960 asterisci.
1141 910 1194 960 Sed
1213 913 1245 961 ad

146 979 214 1044 quod
227 980 354 1042 Rigaltius
363 988 448 1031 tamen
459 990 604 1046 monuerat,
615 985 677 1035 illud
714 983 859 1046 hujusmodi
871 986 990 1049 querelas
1005 987 1147 1036 senectutis
1159 999 1247 1037 omues

144 1070 192 1104 soa
204 1055 295 1105 abesse
306 1070 321 1105 a
333 1059 466 1107 veteribus
478 1059 583 1123 scriptis
597 1060 678 1110 libris.
714 1065 786 1107 recte
798 1061 963 1122 usurpabitur
976 1061 1020 1110 ille
1032 1061 1117 1110 Publii
1129 1062 1188 1126 Syri
1200 1063 1247 1112 mi·

145 1130 200 1180 Sed
213 1138 342 1194 praeterea
360 1134 439 1182 etiam
460 1148 549 1184 sensus
566 1135 676 1200 laborat,
713 1147 785 1182 mus:
815 1136 822 1162 ‘
841 1135 955 1199 Frustra,
976 1152 1034 1186 cum
1056 1136 1089 1186 ad
1112 1144 1245 1190 senectam

144 1207 166 1255 si
178 1208 362 1259 antecedentia
373 1208 543 1260 conseramus.
559 1211 676 1261 Venator
714 1215 818 1258 rentum
834 1218 882 1271 est,
903 1217 1006 1275 repetas
1024 1213 1244 1264 adolescentiam.'

142 1283 248 1335 minime
269 1285 294 1334 iu
317 1301 380 1336 cane
400 1288 499 1350 laudat,
520 1289 589 1354 quod
609 1288 675 1352 suit3
712 1285 833 1352 -Alque
854 1288 911 1338 haec
932 1289 964 1337 td
992 1291 1060 1341 hunc
1086 1293 1189 1342 modum
1217 1294 1244 1349 in

142 1360 189 1409 sed
208 1363 285 1425 plane
298 1371 413 1413 veterum
426 1365 576 1416 meritorum
587 1366 676 1417 imme.
713 1361 817 1410 Pba‘dri
829 1361 938 1413 fabellas
950 1369 1142 1418 commentabar
1155 1370 1245 1432 paucis

141 1451 207 1500 mor,
225 1453 316 1488 panem
339 1440 513 1506 objurgabar3
545 1443 673 1507 quomodo
711 1436 790 1488 horis.
823 1439 881 1488 Nec
901 1454 941 1489 me
961 1441 1035 1505 lustjus
1050 1442 1147 1492 laboris
1163 1445 1244 1505 preni-

141 1526 204 1576 ergo
216 1513 325 1564 dixisset
336 1516 420 1567 canis:
443 1517 611 1578 Quodfuim
622 1520 673 1568 lau.
712 1520 768 1563 tet:
786 1528 870 1579 neque
879 1515 900 1564 is
912 1531 928 1565 s
938 1516 1010 1568 Jurls
1023 1516 1169 1580 professore
1181 1519 1244 1568 alie·

139 1584 202 1639 duci
225 1589 283 1640 Inso
308 1607 370 1642 vero
392 1593 496 1642 domino
517 1606 563 1642 suo
586 1593 673 1657 potins
710 1591 885 1655 nuscniquam
900 1591 1083 1643 videridebet.
1101 1594 1241 1646 Jamenim

138 1664 250 1715 animum
262 1667 392 1730 ingratum
404 1674 483 1731 atque
497 1667 672 1718 immemorem
709 1663 779 1714 inter
789 1679 877 1715 omnes
888 1682 963 1716 sanos
974 1668 1243 1733 constitit,Jurispru-

138 1742 310 1806 exprobrare,
320 1753 399 1808 stque
411 1743 448 1807 id,
457 1744 526 1809 quod
535 1744 594 1794 olim
610 1743 672 1795 virl·
708 1738 804 1791 dentie
815 1742 958 1792 studiosum
969 1750 1090 1806 oportere
1102 1743 1179 1793 etiam
1188 1743 1241 1793 An·

138 1815 187 1866 bus
206 1819 294 1868 valens
319 1819 487 1883 praestiterat,
508 1820 535 1870 in
557 1821 670 1871 animum
708 1818 897 1884 tiqnitatnmet
910 1819 1010 1869 Latinas
1027 1821 1121 1885 linguae
1137 1821 1241 1872 minime

137 1906 261 1943 revocare
297 1892 420 1945 deficiens
456 1909 536 1945 senex
572 1897 669 1949 rolens.
707 1897 825 1962 ignarum
852 1913 926 1949 esse:
960 1913 1066 1964 quarum
1095 1914 1180 1950 rernm
1206 1900 1240 1950 ad

136 1967 227 2019 Scribe
247 1970 335 2036 itaqne
356 1987 415 2022 meo
434 1973 568 2037 periculo:
598 1975 669 2032 Quod
705 1980 842 2039 utramque
869 1989 965 2038 parvus
991 1974 1033 2023 lric
1059 1973 1162 2024 libellus
1189 1990 1240 2026 uon

129 2044 225 2104 suimus
242 2047 321 2107 laudm
337 2047 426 2108 sijum
443 2051 542 2100 damam
555 2052 615 2113 quod
628 2066 667 2100 au·
704 2064 813 2112 parrum
835 2049 939 2100 adferre
959 2056 1117 2100 momentum
1141 2057 1239 2114 potest.

134 2135 196 2168 mua.
229 2120 273 2169 Sic
288 2136 339 2170 non
356 2128 457 2172 tantum
474 2124 560 2172 versui
579 2138 668 2174 nume·
704 2125 808 2175 Deinde
828 2127 849 2175 si
871 2126 941 2178 Jcro
962 2126 1088 2190 majorum
1115 2128 1240 2191 gentinus,

136 2210 189 2256 rus,
200 2195 245 2243 sed
259 2195 344 2244 verbis
351 2195 426 2260 fides,
434 2204 461 2247 et
470 2199 589 2249 veritalis
599 2201 667 2250 ratio
705 2201 749 2264 qui
770 2200 837 2250 bunc
857 2200 955 2263 primns
972 2199 999 2248 in
1017 2202 1102 2249 lucem
1118 2202 1237 2264 protulit,

134 2269 275 2320 constabit.
308 2272 389 2321 Error
400 2275 666 2339 natusexscripturm
705 2274 814 2338 gloriosa
827 2273 876 2325 fnit
894 2275 995 2339 eritque
1014 2289 1118 2337 semper
1135 2276 1237 2340 editlo;

134 2347 298 2409 compendio,
316 2347 385 2412 quod
413 2349 439 2397 iu
460 2349 574 2414 antiquis
594 2351 667 2400 libris
703 2349 854 2415 quisnobis,
866 2351 992 2400 minorum
1004 2351 1119 2413 gentium
1133 2351 1178 2416 qui
1194 2367 1235 2402 su·

134 2438 185 2472 nno
206 2424 287 2473 ductu
309 2425 407 2490 absque
428 2426 506 2490 spatii
528 2426 666 2479 interuallo
702 2439 769 2491 mus,
781 2426 1023 2476 commentationem
1035 2426 1101 2475 banc
1118 2434 1144 2476 et
1160 2427 1238 2477 itera·

132 2501 292 2551 continuatis
321 2502 404 2551 literis
438 2503 563 2566 scriptum
597 2502 663 2554 fuit:
702 2508 755 2551 tam
767 2501 908 2550 editionem
920 2499 985 2549 vitio
994 2500 1118 2550 verterit?
1136 2502 1202 2552 Rus.

132 2589 301 2627 uuussrsss.
331 2577 472 2640 Librarius,
483 2592 533 2627 non
550 2579 665 2629 animad·
733 2573 841 2637 Pbilete]
872 2573 1011 2623 ‘Philetus
1030 2575 1128 2624 Ursus'
1147 2577 1233 2628 Statio

135 2661 239 2703 vertens
252 2653 432 2717 geminandum
444 2668 501 2703 esse
515 2655 578 2704 illud
588 2655 612 2719 1,
630 2671 664 2706 ex
700 2656 865 2701 memoratus·
889 2650 976 2700 Hein-

102 2742 104 2745 ·
130 2728 214 2778 tribus
235 2729 353 2791 vocibus,
374 2730 444 2779 lauda
470 2729 492 2778 si
514 2730 577 2794 jam,
598 2728 664 2782 fecit
733 2725 839 2790 Plrilete]
857 2725 898 2776 lta
911 2731 984 2776 recte
996 2725 1119 2776 scribitur
1131 2728 1179 2777 boc
1190 2742 1235 2779 no·

129 2805 203 2866 duas,
220 2807 300 2854 laudas
309 2806 382 2866 jum3
404 2820 486 2871 eoque
500 2822 551 2857 uno
573 2822 662 2858 errore
699 2818 776 2865 men;
795 2804 839 2854 alii
851 2803 971 2854 scribunt
990 2803 1075 2866 Filite,
1086 2805 1154 2869 quod
1166 2811 1207 2855 est
1218 2822 1234 2856 s

129 2889 158 2931 et
168 2888 278 2931 metrum
288 2890 315 2931 et
328 2896 429 2932 sensum
443 2883 566 2933 turbavit
584 2884 649 2933 Gud.
698 2881 829 2944 scriptura
847 2880 925 2929 medii
942 2881 1001 2930 evi.
1028 2880 1233 2932 lta‘Cateclsu·

161 2959 219 3007 Jam
236 2961 333 3008 damnus
348 2961 408 3022 qnod
423 2957 571 3021 mammas]
599 2960 661 3010 For·
697 2956 783 3005 minus
793 2955 810 3016 ;'
821 2962 849 3005 et
860 2955 930 3019 apud
943 2957 1037 3019 Optat.
1048 2957 1231 3009 Milevitanum
1316 3029 1318 3032 Α

128 3041 198 3085 tasse
214 3035 339 3084 Plraedrus
358 3035 502 3098 sculperet:
519 3036 577 3083 dom
594 3036 659 3084 darn·
698 3031 876 3081 ‘Filuminns'
901 3030 979 3094 Apud
999 3032 1179 3082 Gratum.
1194 3047 1232 3085 ut.

126 3111 374 3173 umidquodrnmus.
393 3109 456 3173 Rig.
697 3119 830 3156 cssvnrrs
843 3119 984 3156 ruimus.
1008 3107 1043 3155 Et
1061 3121 1122 3170 pag.
1134 3111 1191 3158 852.
1204 3114 1229 3159 4.

161 3191 191 3237 1⁰
209 3187 263 3236 Hor
277 3202 327 3251 cur,
344 3186 447 3249 Pbs'lete,
459 3186 605 3251 scripserim]
627 3186 659 3237 lu
696 3183 833 3232 ‘Philetus
841 3181 978 3232 Libertus'
994 3182 1019 3231 in
1035 3183 1124 3246 lapide
1142 3184 1229 3233 Brixi-

125 3263 240 3328 sutiquis
252 3262 462 3325 inscriptionibus
472 3262 609 3326 aliquoties
621 3275 660 3310 re·
696 3260 761 3322 ensi,
771 3258 815 3307 ubi
832 3272 848 3306 a
865 3256 986 3306 Reiuesio
998 3270 1134 3321 perperam
1146 3258 1229 3322 conji-

124 3340 236 3408 peritur,
247 3339 386 3388 Passurus
396 3339 457 3388 Lus.
472 3344 500 3388 et
515 3339 550 3387 ita
567 3336 658 3387 scribi·
695 3332 813 3383 elebatur
824 3332 949 3381 Pilleum:
967 3331 1058 3382 Filetru
1075 3347 1168 3382 nomen
1184 3347 1228 3382 ac·

125 3414 215 3465 turin
239 3413 335 3463 Codice
355 3414 488 3474 Remensi,
504 3412 550 3461 sed
569 3426 657 3462 recen-
694 3408 759 3458 toris
781 3409 808 3457 in
832 3407 1002 3470 inscriptione
1031 3408 1127 3458 Dacica
1150 3406 1225 3460 Alba

124 3492 191 3542 tiore
206 3505 282 3540 manu
294 3490 455 3555 superlitum,
471 3489 521 3540 Fili
531 3489 657 3552 descripse-
692 3484 780 3548 iulia,
790 3483 861 3558 apud
871 3485 981 3534 Gruter.
992 3488 1049 3534 alo.
1060 3490 1086 3535 2.
1110 3485 1225 3537 Veletris

125 3570 182 3618 aim.
207 3568 264 3631 Εἰς.
693 3565 719 3622 in
732 3564 880 3627 pavimento
891 3563 1016 3613 Ecclesie
1029 3563 1206 3616 Catbedralisr

156 3633 212 3683 Hoc
227 3649 270 3683 oser
290 3630 436 3697 scripserim]
472 3631 575 3694 Nempe
596 3629 657 3694 quia

526 3740 552 3777 n.
564 3740 596 3776 rr.
608 3739 648 3778 cu.
660 3737 824 3775 vrcrontuu

403 3821 442 3858 ur.
452 3821 492 3857 cr..
504 3820 646 3858 Plurima.
658 3819 715 3858 ure.
725 3818 939 3856 assensurum.

120 3907 194 3958 Vixit
205 3907 248 3956 ille
260 3906 376 3957 Philetus
388 3904 435 3954 sub
447 3902 565 3952 Claudio.

379 4013 482 4051 eterra
493 4010 613 4048 sarsum.
625 4009 768 4048 autumus.
780 4008 811 4047 Μ.
821 4011 960 4051 sensurus.

497 4095 520 4131 c.
534 4093 671 4133 scutatus.
685 4093 715 4129 rr.
728 4092 848 4129 creares.

419 4176 552 4214 cunutus
564 4174 687 4213 usuratu:
707 4161 814 4214 Gruter.
825 4163 883 4212 tue.
897 4165 919 4209 1,
