2730 4688
429 220 431 225 ⁴
550 251 757 304 sumnum,
1186 242 1211 306 7

101 395 288 480 neglectas,
298 393 360 460 sed
374 393 481 480 paulo
494 396 641 479 penitius
657 396 890 479 inspiciendus
903 403 939 463 ct
952 395 1206 481 ponderandas,

102 518 169 584 quo
179 498 383 576 referendus,
395 517 437 562 ne
448 497 537 562 desit
545 499 747 582 exemplum,
758 497 855 563 locus
865 498 923 563 lib.
938 516 962 562 ι.
976 498 1046 563 tab.
1057 499 1090 564 2.
1106 499 1160 566 16.
1169 506 1209 566 ut

102 608 234 666 taceam
249 600 294 665 de
309 600 397 664 aliis.
444 598 566 682 Neque
593 599 728 664 silentio
748 601 1048 683 praetermittendus
1064 610 1117 666 est
1133 601 1206 669 Ro·

100 703 212 768 mulus
226 700 466 777 Divioneusis,
489 700 591 783 cujus
613 700 747 766 subulas
771 722 847 766 cum
863 708 963 766 textu
977 702 1114 767 Phaedri
1131 701 1208 768 dili·

101 811 215 888 genter
228 803 381 881 contuli;
404 822 463 867 nec
487 805 561 867 siue
585 802 709 868 fructu.
752 803 962 873 nuceum
981 809 1014 868 et
1031 801 1206 869 firmandis

101 905 300 972 melioribus
315 903 453 969 Pbaedri
465 905 681 982 lectionibus,
704 912 738 970 et
752 905 883 990 passim
898 903 1109 968 emendando
1122 902 1207 987 po'e'·'

100 1013 146 1072 tre
170 1007 335 1071 inservire
360 1025 463 1089 posse
494 1006 657 1071 intellexi.
702 1007 809 1072 Porro
832 1007 981 1090 inspexi,
1003 1024 1065 1090 pro
1090 1025 1133 1071 eo
1163 1026 1207 1072 ec

102 1107 213 1185 debui,
237 1107 415 1173 Editioncs
443 1106 580 1172 Phaedri
605 1107 751 1184 criticas,
775 1113 857 1190 post
879 1127 990 1172 meam
1012 1107 1204 1192 Editiouem

94 1213 183 1297 juris
212 1211 323 1278 iectus
353 1210 492 1295 publici,
523 1211 691 1288 Brotierii,
724 1209 940 1288 Desbillonii,
973 1208 1204 1292 Bipontinam,

101 1333 189 1398 quos
203 1303 387 1378 thdrum
402 1333 422 1377 e
439 1333 502 1378 sus
517 1316 671 1397 ipsorum
686 1313 878 1377 recensione
893 1310 1041 1377 edidisse
1058 1317 1203 1376 constat.

101 1416 222 1485 Hasce
232 1415 409 1483 Editioues
420 1415 581 1491 maxime,
591 1415 713 1498 quibus
724 1413 938 1497 adjungenda
951 1415 1005 1476 est
1012 1410 1204 1476 Tuscbuclr·

100 1519 192 1595 iuna,
204 1519 239 1582 in
252 1524 346 1583 textu
362 1518 472 1583 denuo
484 1515 759 1599 recognoscendo
771 1533 892 1597 magno
907 1513 989 1578 mihi
998 1515 1075 1577 usui
1086 1513 1202 1593 fuisse,

98 1620 223 1699 lateor3
244 1620 309 1683 etsi
332 1637 401 1684 non
422 1637 524 1683 uuam
539 1637 652 1682 earum
667 1618 845 1682 lectionem
860 1616 1080 1703 rejiciendam
1095 1616 1204 1681 duxe-

97 1722 168 1786 rim.
214 1719 300 1803 Legi
327 1726 492 1804 praeterea
516 1742 584 1786 nou
610 1740 740 1804 paucos
764 1720 964 1786 Criticorum
985 1720 1201 1784 illustriorum

96 1822 215 1901 libros,
238 1843 377 1908 quorum
392 1823 612 1889 videndorum
625 1831 702 1888 ante
717 1823 780 1888 hos
796 1839 909 1887 xxiv.
929 1840 1038 1887 annos
1054 1822 1088 1885 in
1102 1821 1203 1886 ador-

95 1924 206 1989 nanda
220 1925 357 1991 Phaedri
372 1925 527 1992 Editione
542 1927 623 1991 mibi
638 1946 705 1990 non
719 1927 801 1992 duta
814 1925 1110 2008 lueret-potestus3
1132 1924 1201 2009 legi
1279 1949 1281 1952 ·

94 2025 195 2092 etiam
209 2026 371 2093 Virorum
386 2028 563 2093 doctorum
577 2027 850 2107 Observationes,
866 2035 947 2112 post
960 2028 1034 2093 hsec
1046 2032 1200 2113 tempore

96 2128 255 2214 scriptus,
278 2136 312 2193 et
334 2129 495 2214 quicquid
520 2131 632 2195 textui
654 2131 790 2198 Phredri
811 2131 868 2196 vel
896 2130 1116 2207 emendando,
1145 2129 1201 2194 vel

95 2228 295 2296 illustrando
311 2232 473 2298 inservire
489 2241 619 2317 posset,
636 2235 803 2320 excerpsi.
833 2233 912 2299 Jam
927 2252 1006 2298 vero
1020 2232 1201 2298 Lectiones

97 2328 222 2397 Varius
248 2351 325 2397 curu
349 2330 516 2398 Codicum
540 2333 627 2399 Mss.
656 2343 868 2420 veterumque
885 2335 1105 2412 .·Editionum,
1128 2341 1202 2398 tum

96 2433 310 2516 conjecturas
324 2433 480 2499 Virorum
496 2434 767 2501 doctissimorum
782 2437 983 2514 enumeravi,
998 2454 1069 2500 uon
1081 2434 1202 2518 paucis

96 2540 214 2597 tamen
235 2536 383 2613 omissis,
406 2557 493 2620 quas
508 2559 696 2603 memorare
713 2547 747 2602 et
760 2534 912 2602 'refellere
928 2556 997 2600 non
1013 2542 1085 2601 erat
1106 2536 1200 2601 tanti.

95 2634 307 2718 singularem
320 2645 428 2703 autem
438 2640 473 2701 in
485 2660 527 2704 eo
543 2641 706 2704 collocavi
719 2660 867 2724 operam,
878 2648 926 2717 ut,
938 2641 967 2704 si
978 2639 1051 2702 fieri
1065 2646 1201 2721 posset,

94 2739 141 2803 rei
157 2740 286 2805 criticse
302 2747 452 2805 amantes
468 2744 622 2807 notitiam
638 2743 837 2808 Lectionum
853 2742 961 2807 Codd.
988 2741 1073 2805 Mss.
1096 2740 1202 2806 habe·

95 2848 166 2903 rent
181 2848 325 2908 certam:
348 2862 416 2924 qua
442 2845 476 2905 iu
502 2863 608 2907 causa
630 2852 752 2927 praeter
779 2845 892 2909 Notas
908 2844 1058 2920 Hciusii,
1083 2843 1200 2924 Gudii,

95 2941 270 3022 Schefferi,
295 2944 450 3027 Rigaltii,
476 2946 668 3024 Burmanni,
691 2967 759 3011 nou
774 2967 894 3031 parum
909 2946 989 3009 mibi
1006 2945 1205 3029 prosuerunt

94 3041 267 3110 Editioues
294 3046 451 3110 Brotierii
478 3055 513 3110 et
527 3047 752 3126 *Desbillouii
777 3069 919 3132 quorum
934 3049 1020 3113 alter
1035 3047 1201 3113 codicem

95 3144 221 3212 Pitboei
251 3167 355 3231 nuper
379 3148 492 3212 denuo
520 3149 681 3232 contulit;
705 3152 788 3216 alter
811 3170 875 3215 uon
901 3170 967 3214 uua
990 3151 1203 3215 Collectione

96 3246 275 3313 Variarum
296 3269 314 3313 e
337 3246 445 3314 Codd.
470 3249 555 3313 Mss.
581 3250 784 3317 Lectionum
810 3272 891 3317 usus
917 3253 1101 3317 est....Nou
1124 3270 1200 3316 raro

95 3349 210 3415 addidi
227 3344 388 3428 rationes,
412 3353 594 3436 exquibus
623 3354 802 3419 Lectiones
817 3353 873 3418 vel
896 3353 1124 3417 defendendas
1148 3353 1202 3420 vel

93 3453 299 3537 rejiciendas
327 3462 491 3538 putarem,
520 3459 723 3540 optimorum
748 3457 947 3523 Criticorum
973 3476 1078 3541 opera
1106 3462 1210 3536 usus,

94 3574 236 3640 quorum
251 3557 431 3638 uuicuique
457 3557 489 3619 τὸ
514 3578 610 3622 suum
624 3558 765 3624 reddere
780 3559 911 3637 studui,
926 3579 994 3623 non
1007 3559 1129 3643 paucis
1144 3560 1202 3623 ad·

88 3657 192 3741 jectis
215 3657 257 3722 de
281 3677 370 3722 meo.
415 3659 515 3724 Nulli
540 3667 653 3726 autem
679 3670 802 3729 temere
817 3664 1003 3727 obsecutus
1018 3682 1112 3742 sum;
1136 3682 1199 3728 nec

592 3820 702 3872 NOTAE

93 3926 267 3989 legitursurce
278 3927 392 3991 improbo,
400 3929 459 3978 coll.
469 3927 573 3978 Phadri
583 3930 627 3979 lib.
668 3936 821 3995 praeteream
834 3930 891 3980 ulis.

95 4015 114 4052 e.
127 4001 178 4055 iub.
192 4008 216 4054 1.
228 4008 253 4055 8.
263 4003 308 4054 ubi
320 4003 378 4054 vide
391 4005 425 4054 V.
436 4005 466 4054 L.
485 4012 515 4056 ut
524 4005 627 4056 silentio
