2714 4696
36 345 40 354 .
123 244 190 324 Μ
318 269 515 321 srannmx
536 258 1040 324 raaunanurr'nsorraauar.
1095 260 1100 267 '

124 415 260 494 Canem,
277 414 366 481 etde
380 393 650 481 mensa'saturari
665 410 827 501 quotidie,

125 518 168 584 Et
182 520 289 583 frusta
299 517 430 600 largiter
440 517 564 600 jactari
579 537 601 582 a
614 518 758 600 familia3

23 642 26 650 ·
124 621 182 687 Sic
198 627 249 687 est
262 620 413 686 locutus:
437 621 475 685 Si
494 639 611 686 canem
625 621 920 688 immundissimum

86 709 90 716 ’
123 721 164 787 In
178 726 302 786 tantum
317 720 469 785 dominus
484 725 516 785 et
529 720 656 785 familia
668 721 786 805 diligit,

124 822 216 902 Quid
229 843 283 886 me
298 823 455 900 futurum,
479 823 509 886 si
524 842 586 905 pur
599 823 650 887 illi
665 823 775 889 fecero

125 922 291 1002 Officium,
303 924 405 988 multo
420 924 478 1007 qui
493 941 565 987 sum
580 925 697 989 melior
707 925 771 990 hoc
786 944 878 1004 cane,

124 1024 305 1108 Rebusque
319 1025 471 1108 pluribus
483 1025 572 1088 utilis
588 1033 623 1089 et
635 1026 840 1092 laudabilisl

124 1125 208 1192 Alor
220 1127 279 1210 qui
295 1133 421 1194 sanctae
438 1128 588 1192 fontibus
603 1129 699 1211 puris
714 1149 823 1214 aquae,

125 1225 276 1313 ciboque
290 1247 462 1312 nunqnam
476 1229 571 1293 soleo
585 1229 681 1313 pasci
696 1228 841 1294 sordido.

125 1329 206 1395 Sum
221 1351 301 1396 sane
316 1331 429 1395 catulo
444 1330 576 1412 dignior
591 1331 663 1396 vita
676 1330 741 1396 frui

125 1432 294 1511 Beatiore,
309 1432 466 1498 honorem
480 1438 512 1497 et
526 1452 691 1498 summum
706 1433 882 1517 consequi.

124 1531 260 1599 Asellus
273 1534 347 1600 haec
363 1535 441 1598 dum
456 1554 582 1614 secum,
597 1536 765 1601 stabulum
780 1534 945 1619 conspicit

126 1633 257 1701 Intrare
271 1636 459 1702 dominum:
482 1654 585 1720 quare
601 1655 775 1705 accurrens
790 1655 895 1718 ocyus

125 1735 330 1819 Rudensqne
343 1737 486 1820 prosilit,
500 1743 533 1801 ct
545 1736 692 1800 humeris
704 1738 823 1800 ambos
837 1735 942 1818 pedes

124 1833 285 1918 Impunit,
300 1855 405 1919 osque
420 1837 536 1918 lingua
551 1838 657 1920 coepit
668 1837 803 1917 lingere,

125 1935 325 2019 Vestemque
340 1936 440 2001 foedis
456 1937 613 2001 scindens
629 1938 773 2020 ungulis,
790 1937 883 2019 gravi

125 2035 253 2101 Harum
268 2035 398 2117 fatigat,
414 2036 514 2100 stulte
528 2036 680 2115 blundus,
696 2038 856 2121 pondere.

124 2137 280 2205 Clamore
296 2139 420 2203 domini
436 2141 620 2204 concitatur
632 2138 781 2219 familia3

125 2239 312 2330 Fostesque
325 2246 357 2303 et
371 2260 457 2304 saxa
471 2240 597 2323 passim
614 2241 773 2323 arripiens
787 2239 900 2318 obvia,

124 2340 314 2427 Rudentem
326 2343 451 2407 mulcat
460 2330 472 2423 ;Ι
491 2349 524 2407 et
537 2360 619 2407 mox
632 2342 786 2406 membris
800 2334 942 2405 debilem

124 2443 324 2527 Fractisque
341 2445 450 2520 coxis,
469 2442 591 2506 domini
607 2438 738 2525 lapsrim
754 2461 776 2506 a
789 2461 941 2526 corpore,

125 2543 360 2611 Semianimum
376 2544 507 2608 tandem
523 2543 640 2626 dejicit
654 2543 697 2607 ad
712 2545 892 2626 praes'epiu.

168 2647 317 2724 Fabella,
333 2647 465 2728 ineptus
479 2665 521 2707 ne
537 2665 573 2708 se
584 2645 700 2709 invitis
713 2644 849 2726 ingerat,

125 2745 278 2810 Melioris
294 2751 352 2810 aut
367 2744 503 2808 affectet
517 2745 673 2823 officium,
690 2745 799 2810 docet.

618 2958 724 3010 NOTAE

125 3088 180 3136 Fel.
203 3089 227 3135 Β.
271 3086 429 3150 Credebant,
456 3092 527 3151 puto,
549 3089 654 3151 librarii,
693 3091 775 3154 πίεραι
795 3103 885 3153 semper
905 3088 944 3137 cni
965 3088 1065 3136 mom
1084 3087 1139 3136 duri
1160 3088 1224 3137 aiot.

124 3161 231 3227 perinde
242 3176 309 3224 esse,
328 3176 361 3211 an
380 3163 492 3223 blandiri,
513 3179 545 3213 an
561 3165 654 3214 udaium
695 3167 763 3215 Nam
774 3166 884 3214 mnndum
892 3163 996 3227 proprie
1007 3176 1099 3225 panem
1108 3161 1225 3223 dici,do·

123 3237 274 3298 scriberent,
292 3240 339 3287 hoc
350 3254 411 3288 vero
423 3241 597 3290 accusativum
609 3241 654 3291 ad·
694 3243 748 3292 enit
760 3242 865 3291 Salmas.
875 3239 906 3288 sd
916 3237 1041 3287 Alexand.
1051 3237 1142 3287 Seuer.
1155 3240 1226 3287 nst

123 3314 227 3364 mittere
238 3322 326 3363 notum
337 3321 384 3365 ast.
417 3314 499 3365 lmmo
511 3324 538 3366 et
549 3318 591 3366 hic
602 3317 654 3380 lapi
694 3317 736 3366 cui
747 3316 855 3365 sordidas
864 3315 1011 3377 opponitur,
1022 3311 1056 3360 de
1068 3327 1119 3376 qno
1130 3320 1226 3377 preter

123 3398 219 3454 posset,
231 3391 357 3440 Dominum
367 3392 460 3440 adulari
472 3393 564 3441 Aradus
574 3398 602 3440 nt
617 3393 653 3441 oi-
694 3392 757 3441 sllos
770 3391 886 3441 Pricaeus
898 3389 929 3437 ad
941 3386 1045 3451 Apulei.
1058 3388 1125 3436 Met.
1136 3403 1161 3452 p.
1170 3392 1227 3439 su.

122 3467 244 3515 diruam.
269 3465 653 3517 Quaedumhicaimiliufsbnlae
727 3472 757 3517 17
785 3465 862 3516 Gruai
877 3462 983 3526 satient]
1009 3461 1101 3511 Plroed.
1126 3462 1173 3511 lib.
1191 3475 1225 3510 rr.

123 3541 227 3591 Phaedr.
239 3542 255 3591 l.
268 3554 309 3590 ιιι.
320 3546 345 3589 t.
357 3548 505 3590 occurrunt.
693 3541 746 3591 sab.
758 3547 782 3592 6.
798 3543 806 3568 ⁴
816 3540 896 3590 Gravi
905 3539 1076 3603 nequicquam
1087 3543 1113 3586 tc
1124 3536 1227 3587 lauba

155 3619 187 3664 lo
200 3615 301 3677 cneoque
311 3616 439 3678 aaaqwm]
457 3616 654 3680 Possetetpro·
694 3614 824 3680 pondere?
983 3613 984 3616 ’

124 3690 181 3755 pius
192 3689 226 3738 ad
237 3690 389 3753 scripturum
401 3693 532 3754 vulgatam
541 3691 592 3755 legi
604 3691 653 3740 Pa-
