2714 4696
158 257 204 331 lt
663 271 756 325 vtae

155 418 229 489 Sed
243 418 422 485 Octavium
443 416 633 500 Augustum
651 415 900 500 intelligendum
913 437 1001 498 use,
1015 418 1109 487 aeus
1122 422 1197 488 est
1186 442 1263 508 ipsu

159 521 338 600 Phredrus,
354 538 543 585 memorans
567 518 671 596 litem,
688 518 825 584 aDivo
848 518 1008 602 Augusto
1029 521 1263 685 dijudicatum,

160 623 307 691 addms:

160 786 163 795 .
195 792 198 797 ,
301 723 470 801 Narrabo,
486 724 647 788 memoria
661 723 752 806 quod
765 722 893 789 factum
909 729 963 788 est
976 732 1074 791 ιιιιιιι.Ι

160 826 240 894 Νοιι
253 828 355 910 pauci
376 836 488 891 tamen
511 832 601 902 sunt,
629 828 686 910 qui
715 825 890 891 Pbaedrum
915 827 1102 893 libertatem
1127 827 1265 901 'liberio

160 929 315 1012 Augusto
331 929 448 993 debere
463 929 693 1008 existiment?
714 929 866 1012 aquibus
887 937 975 995 reete
998 929 1155 995 dissentit
1175 931 1264 999 Des-

160 1029 344 1106 billonius,b
353 1031 410 1112 qui
427 1036 545 1113 prseter
560 1037 763 1111 argumenta,
778 1037 812 1095 et
825 1051 847 1094 a
859 1051 911 1095 me
927 1033 1030 1114 paulo
1045 1039 1120 1095 ante
1133 1039 1262 1114 notata,

160 1132 274 1199 hocin
286 1132 428 1195 medium
441 1130 594 1214 protulit:
611 1130 738 1209 ‘Mihi’
750 1133 870 1215 inquit,
882 1137 891 1167 ‘
901 1133 1145 1216 conjecturade
1160 1133 1265 1202 Octa-
1342 1202 1345 1207 ,

160 1235 219 1301 vio
234 1235 332 1317 longe
346 1233 549 1316 probabilior
562 1233 703 1299 videtin.
732 1233 862 1299 Etenim
875 1236 1064 1300 manumitti
1080 1235 1263 1302 Phaedrum

161 1340 311 1425 oportuit
336 1339 380 1402 ob
403 1337 601 1418 elegantiam
624 1338 758 1420 ingenii,
782 1339 1016 1421 sermonisque
1043 1337 1155 1404 Latini
1176 1342 1265 1425 peri·

160 1443 261 1509 tiam:
276 1462 363 1525 quas
377 1448 465 1505 artes
477 1448 512 1504 et
526 1439 693 1522 proluisse
707 1442 830 1505 nemini
846 1441 936 1525 apud
952 1441 1137 1519 Tiberium,
1146 1442 1265 1508 borum

160 1551 345 1630 temporum
359 1543 498 1606 historia
519 1542 601 1604 satis
620 1542 776 1619 ostendit,
798 1550 832 1608 et
857 1544 972 1626 aliquo
998 1545 1057 1609 vix
1080 1544 1115 1607 in
1138 1543 1264 1610 honore

159 1646 264 1713 inisse
277 1645 338 1709 illo
346 1649 512 1724 regnante,
528 1644 692 1720 versibus,
706 1644 831 1727 Sejano
845 1645 955 1710 adbuc
978 1647 1159 1729 superstite
1172 1666 1265 1711 com·

162 1748 294 1833 positis,
309 1746 382 1827 ipse
395 1744 552 1810 iudicatz‘
572 1746 633 1809 ubi
647 1745 779 1823 sateun,
794 1748 950 1829 quamvis
961 1748 1133 1830 insigniter
1146 1749 1182 1812 in
1195 1755 1265 1815 urta

161 1868 226 1916 sua
246 1868 285 1915 se
313 1846 507 1923 exercuerit,
535 1844 710 1911 fastidiose
736 1853 849 1913 tumen
872 1850 908 1913 in
938 1849 1112 1915 Minorem
1138 1857 1266 1916 coetum

161 1948 289 2037 recipi!
1319 2020 1323 2031 ,

206 2052 371 2119 Pbsedrus
397 2052 497 2134 igitur
514 2059 664 2136 tempore
679 2046 826 2119 Omaaris
842 2052 981 2119 Octavii
993 2052 1151 2136 Augusti,
1166 2054 1266 2139 cujus

161 2155 322 2225 moria
335 2159 368 2219 et
380 2154 566 2220 recordatio
588 2155 621 2219 ei
641 2156 980 2240 aratjucundissima,
994 2158 1081 2221 vixit
1101 2157 1267 2241 rebusque

162 2257 321 2325 secundis
333 2274 417 2321 usus
430 2262 494 2320 eat.
523 2256 610 2321 Post
623 2255 767 2339 Augusti
781 2258 924 2334 obitum,
939 2257 1077 2322 Tiberio
1089 2256 1268 2340 imperium

163 2359 426 2439 administrante,
442 2357 478 2421 in
500 2376 658 2440 magnam
672 2358 793 2423 incidit
812 2359 1050 2437 calamitatem,
1066 2359 1144 2423 odio
1157 2357 1267 2424 maxi·

164 2480 218 2526 me
232 2459 362 2544 Sejani,
378 2459 437 2544 qui
460 2478 522 2542 pro
537 2459 673 2525 arbitrio
688 2469 808 2526 cuncta
831 2464 967 2542 gerebat
985 2462 1047 2524 sub
1068 2454 1217 2537 liberio,
1234 2463 1270 2523 et

163 2568 325 2640 nostrum,
348 2561 437 2626 fictis
458 2571 660 2628 accusatum
683 2563 889 2640 criminibus,
907 2563 1133 2627 damnaverat.
1177 2556 1268 2624 Gon·

25 2756 32 2765 .
161 2661 409 2747 murittum
424 2660 520 2725 Prol.
536 2661 613 2727 Lib.
629 2677 686 2723 ιιι.
698 2663 841 2726 stt-ta.

294 2760 429 2840 Quodsi
443 2769 625 2827 accusator
638 2760 729 2826 alius
745 2761 867 2844 Sejano
879 2763 979 2841 soret,

164 2917 168 2925 .
294 2863 334 2931 Si
347 2862 447 2927 testis
461 2863 560 2938 alius,
569 2861 681 2944 judex
693 2863 778 2926 alius
793 2863 957 2948 danique;

163 3028 166 3035 ,
296 2963 443 3046 Dignum
456 2963 577 3027 faterer
590 2981 666 3027 esse
680 2982 733 3028 me
748 2966 853 3030 tantis
868 2967 978 3030 malis.

209 3067 278 3147 Qui
291 3066 417 3132 iactum
430 3064 488 3141 sit,
503 3071 542 3128 ut
564 3064 598 3128 in
618 3063 734 3129 odium
751 3066 870 3148 Sejani
893 3068 1084 3145 incurreret,
1100 3088 1160 3151 pro
1175 3070 1269 3135 cerie

125 3160 129 3168 ’
164 3169 321 3239 affirmari
343 3186 410 3233 ιιοιι
437 3171 562 3251 potest.
612 3164 760 3250 Conjicit
784 3167 982 3247 Schefferus,
1007 3169 1200 3249 Pbaedmm,
1226 3173 1271 3235 ab

164 3275 321 3360 Augruto
340 3270 493 3337 libertale
516 3266 689 3346 donnum,
708 3270 817 3353 primo
835 3269 1041 3354 Augustum,
1065 3279 1098 3337 et
1120 3290 1205 3337 mox
1228 3292 1270 3338 eo

163 3377 321 3445 demto
335 3379 494 3459 postem
508 3371 600 3438 illius
614 3390 747 3437 amasse
762 3373 978 3438 etcolnisse:
992 3393 1083 3457 quos
1096 3373 1181 3438 inter
1193 3392 1271 3440 cum

163 3480 314 3545 extiterit
324 3478 469 3561 primum
482 3472 644 3558 Agrippa,
658 3474 779 3540 deindo
792 3474 1026 3552 Germanicus,
1038 3496 1105 3541 non
1117 3477 1271 3560 potuisse

662 3657 773 3707 NOTAE

197 3778 209 3804 ⁸
226 3770 282 3820 Lib.
293 3784 336 3823 ιιι.
346 3768 399 3820 seb.
411 3775 484 3820 1⁰.8.
495 3774 536 3821 39.
738 3786 805 3821 serv.
819 3773 837 3822 l.
856 3785 886 3821 rr.
899 3786 923 3820 c.
940 3775 980 3821 19.
1004 3777 1034 3821 ut
1054 3771 1174 3820 omittam
1195 3771 1272 3822 alios.

198 3844 618 3896 ⁸scbefferueinvir.1‘hadri.
652 3845 698 3896 ΟΙ.
738 3846 853 3897 Morbos.
872 3848 905 3896 de
926 3847 1048 3897 Patauio.
1075 3846 1142 3896 Livii
1165 3862 1192 3909 p.
1216 3851 1272 3897 1⁵⁷.

165 3924 317 3976 Borricbius
326 3924 362 3975 ds
371 3924 448 3975 Petu
460 3938 487 3988 p.
497 3930 539 3974 55.
551 3923 653 3989 Lipsius
664 3924 697 3974 sd
737 3923 822 3975 bearet
829 3922 975 3987 ambiguus,
985 3921 1126 3971 andrun
1134 3920 1270 3972 maun

153 4001 260 4059 bouso.
271 3998 378 4050 Consul.
386 4000 482 4065 PolJb.
492 4014 551 4064 erp.
563 4001 699 4053 ibliucb·
738 3998 851 4064 Augusti
862 4000 904 4049 rel
914 3999 1012 4049 'liberii
1023 3999 1167 4063 appella
1259 4032 1264 4041 ·

59 4090 74 4111 ·
164 4076 418 4139 suaromton.
437 4076 522 4128 Oul-
542 4076 698 4130 ealblbbd
770 4073 1055 4139 tenacisque..

165 4154 242 4204 mer.
260 4166 283 4203 v.
302 4150 697 4221 Pkdrsesetssubnttleb
739 4150 1093 4221 2⁶,Prdliuurr.u.¹t..
1120 4190 1124 4199 .
