2714 4696
120 274 188 342 492
473 282 581 334 nure
606 280 806 333 usuronusr
832 280 872 330 ru

120 432 410 500 ‘bleliusipsapistacia
413 431 506 497 juncta
512 436 654 494 ponuntur,
692 426 739 476 des
749 432 776 477 et
787 439 838 476 non
850 439 897 476 sua
908 423 1002 490 pensa!
1032 423 1151 490 Optatus
1162 420 1224 474 Δία

121 511 344 566 masecioemina.
377 510 480 558 Marem
498 505 653 569 dicunt,cnl
692 502 787 552 libus.
819 501 1099 567 ‘sollemniorem
1109 506 1224 566 portans,

122 583 653 649 snhcoriovelntosseilongividenturla·
692 578 808 630 futurum
827 593 925 643 nemus,
940 578 1047 641 stringit
1066 578 1093 626 in
1113 574 1224 636 fascem

121 674 180 718 tere
199 663 334 716 testiculi!
364 663 480 714 Arbores
499 659 654 725 perinsitio·
692 655 791 705 aridam
802 655 930 719 arborem,
947 653 1025 705 nullis
1036 651 1172 702 radicibus
1183 649 1226 700 ial-

121 756 182 793 nem
193 743 288 793 coitum
308 740 365 806 pati
376 748 404 790 et
423 744 586 804 praegnantes
597 735 655 786 lieri
693 733 904 797 ianr,mnlliplici
918 731 1010 783 frande
1021 729 1166 795 componit.
1183 729 1226 778 Cui

122 820 161 870 ait
176 819 277 869 Plinius
296 818 341 868 lib.
361 830 431 866 χιιι.
450 829 473 865 c.
492 818 532 865 ll.
562 812 654 862 'lhala-
693 811 852 861 adulterinos
878 809 970 859 luserit
999 822 1095 869 ramos,
1124 814 1226 870 etque

123 908 246 959 mumque
256 894 286 944 iis
298 893 391 944 tribuit
401 890 502 942 Pallad.
515 891 590 940 xrv.‘
600 887 654 938 Sub
692 901 751 938 snas
764 885 918 952 jamdudum
939 883 1041 934 succisa
1064 880 1227 946 perdiderat,

123 972 232 1022 thalami
242 971 331 1036 specie
343 968 433 1019 felices
438 969 550 1033 jungere
560 966 655 1030 sylvas,
693 965 790 1016 alienas
819 962 917 1026 accipit
948 958 1071 1010 frondes!
1113 957 1227 1019 Nesciat,

121 1049 161 1099 Ut
171 1048 254 1099 soboli
266 1048 354 1096 mistus
364 1052 464 1095 crescat
476 1043 598 1107 utrinque
608 1041 655 1091 de·
692 1040 803 1101 andin,
819 1047 906 1089 nolam
919 1037 1028 1100 virilem,
1043 1049 1147 1085 ramum
1157 1047 1227 1084 voea-

124 1125 190 1176 cor!
206 1122 365 1188 ‘Planteri,’
382 1121 516 1183 ‘Seri,'et
533 1119 655 1182 ‘luseri,'
694 1117 746 1167 sit:
779 1116 876 1180 ‘Cujus
905 1129 956 1164 vox
976 1113 1135 1178 pullulascit,
1158 1110 1228 1174 cajus

124 1206 153 1250 et
164 1199 270 1252 arbores
287 1207 314 1250 et
325 1199 440 1249 homines
456 1198 586 1248 dicuntur.
613 1196 656 1246 liic
688 1195 743 1258 jam
765 1208 851 1244 ramus
872 1188 1035 1243 roborescit!
1078 1190 1118 1238 Eo
1141 1187 1228 1238 retulit

123 1277 230 1343 Jupiter
260 1277 424 1327 ‘Hominum
448 1278 535 1326 salon·
567 1275 656 1336 Forte,
693 1270 824 1321 Ausonius
840 1270 951 1320 Centon.
969 1271 1046 1332 nupt.
1057 1264 1229 1330 virgilianam

125 1355 195 1421 qula,
206 1360 237 1404 ut
255 1355 293 1405 ait
310 1353 409 1404 Arnob.
424 1368 505 1404 uxore
516 1358 656 1403 centenius
694 1347 898 1399 hemistichium:
926 1343 1043 1408 ‘Aperit
1062 1355 1175 1404 ramum,
1186 1339 1228 1404 qui

123 1431 193 1482 band
204 1446 265 1494 una,
282 1431 442 1492 concubinis,
454 1428 601 1493 pellicibus,
618 1433 657 1478 st·
695 1431 768 1474 reste
787 1420 906 1473 latebat!
939 1421 1081 1485 Eleganter
1101 1424 1190 1469 auten
1202 1421 1229 1466 et

123 1521 175 1573 qne
183 1507 300 1557 amiculis
308 1504 657 1570 delectatus,irnpatientiarn
694 1509 803 1552 venmte
814 1502 923 1563 Plinius,
933 1499 977 1550 ubi
994 1498 1029 1549 de
1044 1497 1169 1548 arborum
1180 1494 1230 1544 eoi·

124 1599 198 1635 suam
221 1583 363 1649 spargebat
386 1584 481 1647 passim
503 1584 547 1650 (ut
570 1582 657 1648 sagari
695 1585 723 1629 tu
743 1578 807 1643 agit,
825 1577 940 1627 fissuram
959 1576 1114 1642 genitalem,
1138 1572 1227 1622 rimata

125 1658 414 1725 adulescentessulent)
433 1661 505 1709 salax
517 1660 597 1709 Deus.
614 1658 657 1707 Sic
695 1659 786 1705 uocat:
813 1653 957 1703 ‘Subtilior
967 1651 1036 1701 ratio
1048 1651 1091 1700 rel
1103 1661 1231 1700 sennam·

123 1738 224 1790 Tertnl.
236 1737 269 1787 ad
285 1739 367 1789 Uxor.
376 1751 395 1788 ι.
424 1738 511 1787 ‘Nem
527 1735 657 1801 quidges-
694 1732 775 1781 lamos
797 1730 898 1795 adjicit,
920 1716 1072 1781 mortalitati
1094 1743 1186 1779 eorum
1204 1732 1231 1777 et

124 1814 220 1864 tianius
231 1814 325 1864 liberos
344 1819 443 1876 serere,
462 1826 533 1876 quus,
544 1825 603 1861 curn
614 1809 658 1859 ba·
682 1857 685 1869 ,
695 1822 803 1858 numero
812 1820 965 1857 succurrere
977 1808 1113 1870 persuasa,
1124 1816 1231 1869 perne·

124 1888 224 1952 benun
243 1889 402 1953 promittere
424 1885 575 1950 optamnsi’
601 1886 658 1935 Cal-
695 1883 739 1932 dle
759 1890 851 1932 trunco
874 1881 969 1932 leniter
994 1879 1066 1946 lisso,
1097 1890 1231 1944 cuneoque

124 1965 233 2029 purnius
246 1963 455 2013 nectamxrrv.
486 1960 595 2009 ‘Neruo
613 1971 660 2006 nn·
695 1959 767 2008 tenni
797 1957 914 2008 fissuram
945 1956 1122 2018 custodiente,
1149 1955 1232 2005 donec

123 2055 203 2107 quarn
225 2040 404 2104 magistratum
432 2035 497 2086 fecit
523 2026 660 2097 vicarium,
695 2033 849 2098 cuspidatim
871 2033 974 2083 decisus
991 2031 1137 2083 descendat
1156 2033 1183 2082 in
1201 2031 1232 2081 ri-

124 2117 213 2186 necin
225 2114 417 2173 aliomilitavit,
435 2125 483 2158 nec
503 2125 577 2160 sacra
597 2125 659 2172 gen·
696 2125 764 2162 ruem
785 2110 918 2161 calamus!
960 2112 1035 2161 Rima
1057 2124 1111 2160 non
1132 2109 1231 2160 arboria

124 2193 205 2244 tilitia
221 2190 348 2242 insertisa
358 2189 441 2251 stirpe
452 2186 586 2249 corrupit!
611 2185 659 2234 Fa·
696 2195 800 2240 tantum
811 2195 867 2249 est;
884 2188 928 2238 sed
941 2189 1021 2239 etiarn
1033 2189 1149 2238 mulieris
1161 2187 1231 2250 exle-

125 2269 183 2320 blns
194 2269 314 2319 Daciam.
333 2278 412 2316 cccx.
438 2264 521 2312 ‘Duo
539 2260 660 2311 cuhieuls
696 2264 1039 2330 pa,lntert'eminenm,quia
1058 2266 1172 2316 dehiscit
1188 2265 1232 2316 ad·

125 2345 235 2409 irruisti,
247 2343 347 2394 dnobus
369 2340 469 2392 maritis
489 2340 610 2407 injuriam
621 2338 659 2389 l'e·
697 2343 839 2407 mittitque,
849 2342 858 2370 ⁴
867 2341 957 2391 Rima'
969 2342 1074 2392 dicitur.
1109 2341 1189 2393 Unde
1197 2349 1232 2405 el,

125 2421 267 2484 cisti,duas
278 2420 387 2470 familias
398 2419 494 2469 inserta
505 2417 587 2482 stirpe
598 2431 660 2467 con·
698 2419 836 2470 Insinuare.
853 2419 984 2469 Pacuvius
996 2417 1136 2469 Atalanta:
1150 2419 1231 2468 ‘Cum

126 2498 235 2549 induti!
267 2498 367 2548 'l'abula
383 2494 659 2561 areaLugdnni,qnas
697 2493 1233 2561 incultuspervestigansinrirnarersinus.’

125 2574 228 2625 Claudii
240 2574 307 2638 lmp.
321 2574 464 2623 orationem
482 2572 605 2634 continet,
620 2586 660 2620 su·
698 2573 857 2623 Glossarium
869 2580 964 2622 vetus:
989 2573 997 2599 ⁸
1012 2573 1097 2633 Rima,
1115 2570 1232 2633 waureio

127 2664 177 2715 per
199 2651 307 2700 civitate
333 2650 417 2700 Gallis
445 2647 546 2697 danda:
582 2660 660 2696 srvrc.
697 2647 783 2712 edors!
810 2650 905 2700 Juven.
927 2649 983 2698 Sat.
1003 2662 1045 2697 ιιι.
1079 2649 1191 2698 ‘Vacua
1207 2653 1233 2697 et

125 2737 247 2778 eunoun.
270 2739 311 2775 nr.
323 2738 408 2774 ιιιιο.
427 2737 573 2774 nurorrra.
591 2737 660 2773 urus.
699 2726 775 2789 plana
786 2726 871 2775 omnia
885 2725 957 2774 dicas
969 2723 1041 2774 lufra
1058 2726 1231 2774 uentriculum

127 2812 198 2848 nau.
224 2814 265 2850 nr.
297 2814 362 2850 noc.
388 2814 484 2850 suren.
512 2813 660 2849 avcrouss.
699 2809 727 2852 et
747 2803 817 2852 tenui
838 2802 965 2851 distantia
986 2801 1068 2850 rima!
1102 2799 1231 2850 Ausonius

126 2888 289 2925 urscnnrar.
301 2888 440 2926 iussurus.
461 2889 581 2927 sanutus.
596 2890 660 2925 rvu-
699 2879 792 2928 Cento.
815 2879 886 2941 Nup.
909 2877 966 2926 brec
986 2877 1079 2940 virgil.
1100 2879 1232 2926 AEmvun

127 2963 195 2999 uve.
216 2963 249 3000 er.
275 2963 405 3001 uesanos.
425 2964 577 3004 smvrstvtt.
599 2965 661 3002 car·
697 2953 801 3017 ‘Ignea
816 2952 881 3002 rima
900 2952 1041 3015 micat,’ad
1057 2953 1163 3002 hortum
1181 2967 1232 3002 mn·

126 3040 311 3077 ravanam.
328 3040 454 3078 ocnssrr.
470 3031 519 3078 &c
552 3028 661 3077 Eodem·
698 3030 806 3080 liebrem
828 3030 970 3079 transtulit·
1004 3029 1074 3079 Hinc
1095 3033 1232 3092 Parmeno,

128 3118 179 3169 qne
192 3103 269 3168 piane
290 3104 367 3153 modo
388 3104 516 3153 Phaedrus
534 3112 623 3154 noster
635 3121 660 3154 a·
698 3105 768 3170 apud
784 3105 936 3154 Terentium
954 3106 1088 3168 Eunucho,
1108 3106 1232 3156 Thaidem

126 3180 231 3230 daltera
253 3187 337 3230 matre
358 3187 433 3229 natos
455 3178 522 3230 filim
543 3180 661 3232 insitivos
697 3184 735 3232 sic
765 3182 922 3247 alloquitur:
961 3182 1080 3231 ‘Plenus
1112 3183 1232 3233 rimarum

126 3257 296 3321 nuncupauit.
336 3255 428 3306 insitio
457 3256 538 3307 veluti
560 3265 660 3308 nature
698 3255 1110 3321 snm‚bacatqueillacperiluo.'
1146 3258 1231 3324 Adpo

127 3334 297 3384 adulterium:
326 3334 490 3398 adoptionem
505 3334 550 3383 alii
562 3336 661 3384 malunt
698 3334 747 3384 site
764 3333 797 3383 ad
813 3334 984 3395 meretricem,
1002 3333 1078 3396 cujus
1098 3335 1166 3384 rime
1184 3349 1231 3384 non

127 3410 224 3463 dicere.
266 3411 343 3461 Unde
360 3419 398 3473 et,
417 3410 546 3474 adoptata
566 3424 659 3474 porus:
697 3412 823 3460 continet.
855 3410 914 3459 Nec
937 3409 1081 3460 tralatiouis
1103 3411 1232 3474 elegantia

128 3487 198 3538 Plin.
210 3488 256 3538 lib.
268 3501 314 3538 xv.
326 3503 351 3537 c.
364 3492 404 3538 lb.
423 3485 562 3536 ‘Omnium
573 3494 661 3538 autern
698 3495 776 3537 vacat
802 3488 939 3537 Plautinus
956 3488 1033 3551 jocus
1065 3487 1232 3549 Curculione,

126 3566 276 3629 nuperrime
293 3565 419 3628 adoptata
435 3570 494 3612 sunt
511 3577 592 3628 parva
604 3578 661 3627 gra-
700 3564 816 3613 lenones
828 3578 930 3627 semper
951 3564 1062 3628 aliquam
1076 3565 1191 3628 reperire
1203 3564 1232 3613 tl·

128 3641 218 3690 tissimi
230 3643 340 3704 saporis,
351 3656 409 3705 qnae
421 3640 521 3689 Petisia
530 3640 661 3690 nominan-
698 3655 765 3690 marn
777 3659 783 3688 ι
800 3640 808 3672 ⁶
820 3641 979 3704 Rogationes
990 3639 1115 3704 plurimas
1126 3648 1233 3706 propter

128 3720 189 3767 tnr.'
231 3717 277 3779 Et,
296 3717 428 3779 adoptivas
451 3730 550 3766 comae:
578 3717 662 3767 Palla·
698 3717 974 3780 ιιιιροριιΙιιιιοίιίις,Ι
990 3717 1233 3782 Quasvosrogsras

127 3790 185 3842 dina
197 3805 256 3842 ιιι.
282 3793 419 3856 ‘Docebq
436 3794 503 3844 Quae
514 3792 661 3855 sitadopti·
698 3793 834 3856 rumpitis:
858 3793 970 3856 aliquam
990 3794 1114 3856 reperitis
1136 3796 1233 3845 rimam.

126 3867 166 3915 vis
199 3865 276 3915 arbor
304 3874 397 3916 onusta
434 3868 534 3918 cumis.’
565 3867 660 3917 Idem:
699 3869 779 3921 Quasi
809 3883 900 3933 aquarn
929 3868 1083 3933 ferventem,
1110 3869 1233 3935 frigidam

125 3941 211 3993 ‘ilaec
225 3948 253 3992 et
265 3949 377 4005 cognato
386 3944 493 4007 cingens
502 3945 662 3995 terebinthus
698 3960 764 4007 esse,
772 3944 809 3994 ita
817 3960 861 3991 vos
871 3945 967 4007 putatis
975 3945 1066 4006 leges!
1080 3946 1232 3996 Genitalem

127 4017 223 4067 amictu
243 4017 336 4067 Nutrit
357 4018 485 4082 adoptivis
503 4019 662 4070 nobilitanda
698 4020 801 4070 feminae
819 4020 920 4080 rimam,
940 4019 1089 4069 ‘Foveum'
1114 4024 1232 4087 appella·

127 4091 225 4143 cornis!
257 4092 317 4143 Quo
335 4100 413 4156 pacto
428 4094 465 4144 ait
479 4095 604 4158 Virgilius
620 4109 661 4144 ar-
699 4097 737 4146 sit
744 4096 928 4146 Tertullianus.
944 4094 1124 4147 Arnobiusrr.
1136 4099 1144 4126 ‘
1155 4099 1230 4150 Scro-

128 4168 205 4221 lsores
217 4166 355 4236 aliquando
366 4167 454 4220 mirari
475 4169 661 4224 ιΝοιιιιίοιι-
698 4173 756 4228 bom
767 4172 784 4224 ι’
807 4172 850 4223 cui
867 4170 1003 4225 Pertunda
1021 4172 1081 4224 Dea
1098 4181 1234 4241 praeenlt
