2714 4696
185 313 231 381 ω
491 330 645 382 runrorn
669 330 717 379 nr
738 326 975 384 unumunurn
1048 353 1052 360 -

270 534 277 547 ·
377 519 529 587 Avienus
544 521 578 587 iu
592 521 722 606 praefat.
744 523 927 589 fabularum
943 543 1086 592 suarum.

223 656 393 823 ¹l’lrtudrnu
407 657 507 723 etiarn
534 664 661 740 purtem
688 658 834 741 aliquam
860 659 1007 743 quinque
1022 660 1056 724 in
1079 659 1216 725 libellus
1234 680 1285 726 re·

180 778 222 824 eo
238 759 294 825 v‘a
416 769 420 773 '

225 942 333 1028 Septi.
349 942 492 1007 Florens
518 938 728 1008 Christianus
749 945 785 1008 iu
807 942 919 1007 Germ.
942 941 987 1007 ad
1009 940 1179 1007 Pithoeum
1198 943 1242 1008 de

578 1040 723 1109 Phaedro
743 1045 895 1128 loquens.

191 1138 195 1144 Ι
268 1205 356 1218 -·-
368 1170 411 1236 de
426 1172 515 1255 style
528 1175 629 1255 atque
643 1180 804 1256 temporo,

270 1273 339 1341 Pur
352 1275 570 1359 proximusve
585 1274 729 1340 Laberio
743 1276 797 1340 vel
812 1273 943 1340 Publio.

334 1456 579 1525 Rittershuuiue
593 1459 628 1522 in
645 1459 746 1543 epist.
763 1457 967 1523 dedicatoria
981 1457 1130 1523 Phaedri.

230 1594 384 1661 Fabellas
398 1596 547 1661 continet
560 1580 763 1677 opusculum
772 1594 947 1676 expositus
959 1611 1108 1657 sermone
1117 1591 1241 1658 launo
1251 1598 1287 1658 et

182 1717 267 1781 puro
296 1703 397 1779 atque
424 1697 576 1778 genuino,
610 1694 645 1758 in
681 1713 749 1778 quo
777 1695 899 1758 multas
927 1696 1076 1779 antiquae
1105 1695 1283 1777 elegantia

183 1803 279 1862 nome
303 1798 482 1880 impressas
503 1800 719 1877 cemereeet,
739 1796 866 1861 multae
887 1796 998 1879 legere
1021 1798 1217 1873 sententiae,
1239 1793 1284 1860 ed

187 1898 355 1981 quaslibet
366 1898 446 1961 vitae
461 1904 576 1980 partes
590 1895 797 1961 utilissimae.

229 2079 323 2146 Idem
344 2078 379 2144 in
399 2078 507 2164 Epist.
529 2079 575 2144 ad
596 2078 835 2160 Camertinum,
855 2082 913 2146 ubi
937 2088 971 2147 et
989 2083 1032 2147 de
1058 2081 1241 2148 camerarii

438 2181 679 2264 Bongarsfique
689 2182 830 2267 judicio,
852 2185 915 2250 huc
929 2185 1039 2251 modo.

228 2325 282 2391 De
295 2326 360 2391 hoc
373 2324 487 2414 libello
502 2324 592 2390 idem-
610 2344 671 2408 ego
694 2332 814 2402 tecum,
837 2332 961 2390 etcum
980 2326 1184 2409 politissimo
1200 2324 1286 2402 viro,

184 2430 319 2496 Jacobo
346 2427 543 2510 Bongarsio,
566 2426 688 2503 sentio,
711 2427 892 2509 elegantem
921 2445 996 2491 esee
1025 2425 1230 2507 cumprimis,
1253 2429 1287 2489 et

185 2532 322 2597 florente
346 2531 457 2607 etiam,
481 2549 522 2594 ac
546 2549 631 2612 pura
656 2529 773 2610 lingua
797 2529 920 2593 Latina
946 2528 1119 2609 scriptum,
1142 2545 1182 2590 uc
1207 2545 1287 2609 eup-

185 2651 299 2714 parem
313 2650 389 2695 esee
408 2631 527 2713 judico
552 2631 637 2693 hunc
652 2628 833 2693 Phaedrum
849 2630 992 2693 laberio
1006 2647 1047 2693 ac
1063 2627 1184 2691 Publio
1200 2624 1285 2710 Syro

189 2730 434 2814 Mimogrupho.

367 2909 506 2993 Lipsius
521 2908 565 2973 ad
580 2908 700 2973 Senec.
716 2905 854 2972 Consol.
868 2908 989 2992 Polyb.
1005 2929 1035 2974 c.
1050 2909 1103 2973 27.

100 3029 103 3033 ⁵
230 3043 406 3119 Phaedrus,
415 3041 542 3107 Tiberii
556 3041 725 3116 Libertus,
734 3040 806 3124 Jnm
821 3041 1016 3107 condiderat
1025 3044 1135 3125 (logos
1145 3037 1286 3124 AEsopi)

187 3153 221 3211 et
233 3144 460 3229 pulcherrimis
476 3142 627 3207 versibus
642 3142 785 3205 Latinos
800 3141 933 3219 fecerat,
955 3144 1015 3228 qui
1029 3151 1156 3209 extant.

435 3325 604 3408 Rigaltius
617 3326 652 3391 in
667 3327 776 3393 dedic.
792 3326 836 3392 ad
851 3327 1039 3392 Thoanum.

232 3459 322 3523 Haec
335 3460 417 3523 ratio
430 3459 598 3524 fabulares
612 3461 721 3525 liberti
731 3459 989 3544 jocos‚vernula
999 3454 1185 3557 urlranitate
1195 3472 1288 3518 ama-

189 3558 451 3641 bileeergntias,
473 3561 605 3644 placere
618 3561 680 3625 tibi
692 3581 796 3646 posse
810 3560 984 3645 pusuauit.

585 3744 679 3809 Idem
695 3744 897 3830 paulopost.

234 3868 335 3936 Hebe
356 3869 454 3952 igitur
474 3864 721 3954 imperatorium
736 3871 903 3949 libertum,
918 3864 1111 3954 queminter
1122 3862 1288 3928 rusticenss

190 3971 269 4035 dum
291 3973 438 4038 suaviter
452 3972 669 4050 fabulantem,
690 3972 759 4038 imo
774 3975 925 4056 graviter,
948 3976 981 4035 et
1005 3967 1143 4054 quidem
1166 3965 1287 4049 paucis

190 4072 476 4158 philosophantem
491 4072 675 4166 admireris.
1084 4082 1087 4091 '
