2714 4696
35 275 37 278 ⁴
127 272 193 340 582
472 284 582 334 norm
605 283 805 334 venronuu
830 284 871 333 ur

128 429 304 484 conditionem
316 432 403 479 entem
416 427 576 493 appetitam,
591 426 660 477 ‘led
698 425 960 488 eltjue,eontrarinm
971 424 1154 492 precedenti·
1165 427 1232 493 filei,

127 508 176 558 tali
186 505 263 556 modo
274 505 336 567 Ne,'
345 508 395 555 dte.
415 519 475 555 curn
488 518 540 554 uon
552 504 661 566 videret,
698 502 741 552 bic
753 504 867 566 potitum
878 505 947 555 cient
961 505 1007 556 lib.
1018 518 1065 557 ιιι.
1077 518 1102 557 c.
1111 509 1138 556 l.
1155 505 1231 556 ‘Ber-

128 598 180 650 qno
195 588 275 648 pacto
293 582 426 645 explicere
444 586 540 645 pooiet,
555 583 661 642 neglecto
699 577 786 641 drus:
805 585 834 630 et
857 580 909 629 aiio
931 580 1023 631 eimiiin
1045 582 1145 646 patrina
1166 580 1232 645 epod

122 661 189 723 June,
201 656 279 722 priori
287 657 354 721 parti
363 656 513 707 tentamenti
524 654 661 705 entiolecit.
699 653 834 703 Neutrum.
867 655 1231 720 Nleirnaiieperjrttlateili·

128 735 216 786 Faber.
248 732 388 784 Sciendum
399 733 477 795 enirn,
488 746 586 795 corum,
603 744 661 796 quta
698 731 904 796 gere,qnicqnld
922 734 1016 782 arricta
1034 745 1068 782 ex
1080 733 1232 783 tentamenti

128 810 207 861 dubia
219 816 288 875 aunt,
298 809 417 875 quodam
426 809 489 859 eoloi
501 822 592 873 poree:
604 809 661 858 brec
699 804 809 856 formula
818 807 912 872 cuique
922 807 1071 858 deberetur.
1096 807 1231 859 Quomodo

128 889 234 950 valent3
254 888 374 953 quaedam
394 900 451 936 eoae
471 886 527 949 ejne
549 887 661 950 gemela,
699 881 832 946 interpret
843 883 934 934 Gallus
944 900 950 933 ι
969 884 1005 934 la
1016 900 1089 943 nere,
1099 885 1232 935 W&

128 971 161 1015 nt
182 964 253 1014 nulla
271 964 371 1013 ratione
398 962 526 1026 explicari
546 968 661 1026 quenntz
698 959 810 1024 paiitnit
827 962 933 1010 dadroit
946 963 1009 1010 etde
1024 960 1231 1011 imon-uoti

128 1041 185 1092 broc
196 1039 334 1089 habentur
344 1053 393 1102 pro
404 1051 455 1087 non
465 1037 577 1101 scriptio.
587 1038 618 1087 L.
630 1050 663 1088 11.
698 1042 770 1097 mort,
780 1041 921 1086 umento
930 1036 1048 1099 d'ngiree
1055 1037 1109 1086 cele
1119 1038 1151 1086 de
1161 1037 1228 1086 hear

25 1174 28 1179 ,
129 1117 173 1168 De
182 1116 223 1165 bie
240 1129 299 1181 qua
319 1128 369 1179 pro
388 1128 439 1164 nou
457 1114 551 1177 script.
570 1114 661 1179 bqno
691 1110 741 1170 soi.
756 1109 842 1161 Sebet‘.

131 1191 225 1242 rotela.
244 1203 355 1241 mvn.
373 1192 396 1254 ς.
415 1194 440 1240 8.
459 1189 493 1239 de
512 1190 544 1240 R.
558 1188 586 1241 J.
598 1190 629 1240 1..
639 1188 662 1238 ei
730 1187 791 1236 Jtre
800 1187 917 1253 neglecto]
932 1189 1108 1238 ninneton.
1143 1188 1227 1251 Forte,

131 1266 197 1332 qnia.
208 1270 249 1316 π.
277 1266 386 1317 Dereb.
405 1265 469 1316 dub.
486 1266 553 1317 llaec
572 1266 662 1330 anac.
691 1262 876 1323 imneclecto.
909 1263 1229 1328 Aliaeinterpretarejbo·

130 1342 215 1394 Praes.
239 1342 272 1392 ad
295 1342 321 1392 tl.
343 1344 380 1393 D.
402 1343 443 1393 tlt.
467 1341 501 1392 de
523 1339 580 1391 reb.
598 1340 661 1390 dub.
698 1352 733 1387 no
748 1337 809 1403 tide,
826 1353 875 1390 uec
894 1340 1034 1390 obaervato
1052 1340 1151 1390 stricto
1164 1340 1228 1405 jare.

131 1419 230 1470 m
249 1420 390 1484 Eleganter
399 1424 428 1469 et
439 1418 544 1482 proprie
555 1423 662 1482 usurpet
701 1414 767 1465 Gaul.

131 1489 196 1546 iilud
215 1496 338 1545 ndoorme.
381 1495 536 1543 Adooocetur
551 1492 662 1556 eninm
731 1495 762 1541 tl
780 1490 890 1556 Seponit]
903 1491 1228 1557 RigultinminPbedmra

130 1571 223 1638 quibua
245 1573 289 1636 jue
316 1570 472 1635 exquiritur.
505 1568 601 1619 llecon.
629 1568 661 1619 de
699 1581 751 1617 non
768 1567 859 1619 ridere
877 1569 1004 1634 contigit:
1022 1569 1069 1619 ted
1089 1569 1153 1620 aiibi
1172 1569 1229 1642 legi,

131 1645 219 1697 Divin.
243 1644 410 1696 ‘Advocatna
431 1643 538 1707 dicitnr,
556 1644 602 1709 qui
617 1645 661 1709 J'm
698 1657 786 1693 renue
798 1644 987 1708 boedlejeotoe,
1007 1652 1038 1694 nt
1050 1646 1228 1709 putat,eleab

32 1752 40 1761 -
131 1721 264 1788 suggerit!
297 1720 661 1786 ceteramquiafflnieugge·
698 1720 757 1785 ipro
765 1719 793 1769 in
803 1720 920 1771 ordinem
936 1722 1049 1786 conjici:
1067 1722 1229 1786 Seponit-m

131 1813 190 1848 rere
197 1799 241 1862 jue
253 1797 409 1855 debuerant,
427 1809 479 1845 non
497 1801 619 1858 poterunt
633 1794 661 1845 id
698 1795 854 1860 obeuntem,
870 1800 982 1847 mm
999 1796 1230 1862 muliebremlaea·

129 1873 272 1936 explicare,
278 1872 339 1921 ideo
350 1873 392 1921 bic
395 1872 472 1937 fldem
481 1870 601 1920 advocet.
619 1871 662 1920 ln·
698 1872 935 1936 iionenrurgeuteuna⁸
945 1876 1059 1925 macter
1065 1876 1230 1938 gutrmnr
1254 1900 1259 1913 ·

131 1947 229 2009 telligit
246 1952 333 1996 nutem
348 1945 426 1996 tidem
444 1946 548 2009 bonnm,
564 1961 597 1995 ex
611 1962 662 2012 qua
698 1963 762 1998 m
774 1949 883 2014 politura,
897 1951 1010 2001 delicutoe
1020 1951 1145 2009 tonum
1160 1951 1230 2001 lai·

130 2028 288 2073 tentamento
299 2022 391 2072 otudet
407 2019 570 2086 mdefacem,
580 2037 662 2088 quan·
691 2023 751 2090 fico
763 2027 869 2088 ugolino.-
886 2028 921 2077 Et
931 2027 969 2076 tic
980 2027 1115 2091 deincepe.
1148 2028 1230 2080 Quam

131 2097 166 2150 do
177 2112 212 2148 ex
217 2100 336 2162 jurenon
347 2105 442 2163 potent.
458 2099 538 2161 Soles.
700 2101 841 2152 lectionem
861 2103 955 2167 probat
973 2103 1232 2154 Demeternaedllo·

166 2175 249 2224 Fidem
258 2175 554 2238 odnmdtjurenegleoto
563 2175 662 2240 went]
698 2176 746 2227 tin.
760 2192 779 2227 r.
791 2182 815 2228 i.
835 2178 969 2242 Improbat
986 2179 1119 2229 biennius
1137 2177 1172 2228 ad
1181 2178 1230 2228 bl.

131 2250 168 2302 Η.
177 2266 199 2301 e.
217 2251 317 2313 Mater,
327 2249 500 2302 cometem
509 2264 561 2301 non
572 2258 662 2315 poooet
699 2254 742 2303 eni
752 2268 800 2302 noo
818 2254 1010 2306 subscribimus.
1044 2254 1115 2304 Nam
1129 2259 1160 2303 et
1173 2267 1232 2304 mox

131 2328 241 2379 becrea
260 2326 378 2392 expediri
394 2327 421 2376 in
439 2334 493 2377 tam
513 2328 622 2377 mirabili
634 2335 662 2379 et
698 2330 832 2394 nequitur:
849 2330 966 2379 'Tradet
981 2329 1231 2380 luxurimdomnaot'

131 2405 306 2456 inextricabili
326 2411 491 2467 testamento,
507 2405 566 2470 ipae
583 2405 661 2456 tidem
698 2404 810 2466 quoddo
821 2405 1094 2468 potricedicturneaae
1106 2405 1233 2456 Pnaedm

130 2480 260 2546 implevit,
281 2482 351 2532 nulio
378 2482 440 2532 iicet
461 2482 522 2546 juro
542 2487 661 2545 cogente.
699 2478 819 2531 dubitare
830 2495 878 2531 noe
889 2495 939 2531 non
959 2481 1030 2542 cinit,
1048 2481 1112 2531 dum
1127 2483 1230 2532 niceam

129 2557 198 2606 vide
208 2557 295 2607 instit.
306 2558 339 2607 de
351 2557 579 2608 Fideicornmiesar.
589 2557 661 2606 bere·
698 2557 804 2620 insuper
814 2555 958 2621 eepeopdi'er,
974 2557 1081 2606 ‘Vitam
1100 2572 1160 2621 qnae
1172 2557 1231 2605 luxu

130 2633 180 2682 dit.
196 2640 223 2682 et
241 2633 273 2682 de
293 2633 444 2683 Codicillie:
463 2634 526 2682 item
547 2633 660 2682 Plinium
700 2632 796 2683 trahit!
829 2633 1042 2684 Nedenirninin
1058 2633 1231 2682 bcroiecnndo

130 2709 215 2772 Epiet.
225 2708 269 2755 lib.
281 2721 310 2756 v.
327 2709 392 2756 Rite.
699 2709 888 2772 inurquulitete‚
905 2710 988 2773 deque
1005 2709 1196 2758 consuetudine
1205 2715 1231 2756 et

162 2782 224 2830 Jure
234 2783 350 2845 neglecto]
367 2783 441 2831 Fecit
458 2783 559 2843 mulier,
579 2782 661 2847 iuquit
699 2787 882 2835 commoditate
901 2783 1058 2834 convivandi
1078 2784 1105 2832 in
1123 2784 1229 2833 bortulit

131 2858 223 2924 Fnber,
243 2856 310 2921 qnod
329 2859 442 2920 priorem
461 2867 561 2921 partem
582 2865 661 2907 teate·
698 2874 729 2910 ac
740 2861 817 2910 domo
828 2862 921 2911 dicam.
940 2861 1040 2909 Pruaob.

131 2935 211 2983 menti
233 2935 344 2983 attinet:
373 2933 548 2983 conditionem
575 2941 660 2984 autem
735 2938 837 2998 Vectem,
854 2938 964 2985 mundum
981 2936 1132 2999 muliebrem]
1149 2937 1229 2986 ‘Vet-

131 3011 661 3076 appoeitaut,cumnonvideret‚qnopno-
700 3012 734 3061 tio
752 3012 900 3074 muliebrie,'
926 3012 1053 3060 ‘mundun
1077 3012 1230 3072 muliebrit,’

133 3095 160 3138 to
172 3088 304 3151 explicaro
316 3095 414 3151 poscet,
425 3089 598 3151 neglectojure,
609 3089 660 3151 pri-
698 3090 867 3137 ‘ornamento
890 3087 1042 3136 muliebrin'
1064 3088 1230 3151 distinguun-

131 3164 170 3213 ori
199 3163 269 3226 porti
295 3162 430 3213 satisfecit.
471 3165 536 3213 Vult
563 3164 660 3227 itaque,
699 3171 756 3214 tur:
774 3165 791 3213 l.
802 3176 869 3212 xxv.
886 3165 922 3212 D.
935 3163 968 3212 do
985 3178 1057 3224 auro,
1077 3179 1133 3227 erg.
1143 3164 1227 3213 mund.

130 3248 256 3306 quantum
272 3240 358 3304 video,
377 3239 522 3304 intelligere
534 3239 565 3288 de
577 3254 609 3289 eo
616 3239 659 3302 ju·
697 3245 745 3291 &n
764 3241 824 3302 ing.

130 3331 169 3377 re,
181 3332 214 3365 ex
226 3332 277 3381 qno
289 3317 348 3367 talia
360 3316 474 3366 conditio
493 3314 659 3364 eimuldebu·
731 3318 831 3380 Seponit
853 3318 956 3376 mnodo,
977 3317 1030 3379 ipo]
1064 3317 1119 3365 Hic
1141 3331 1229 3367 versut

129 3392 192 3442 ieret
203 3391 342 3442 obecrrari.
376 3393 413 3441 eit
424 3405 485 3440 vero
492 3392 536 3454 jue
552 3398 593 3439 cot
604 3392 660 3439 nni·
697 3391 859 3442 Hexcmeter
876 3393 1006 3442 lumbicus
1024 3400 1074 3442 eat.
1091 3394 1124 3442 V.
1140 3393 1228 3441 Bnrtb.

131 3470 194 3530 ium,
204 3468 273 3532 quod
292 3467 417 3532 ejnernodi
428 3466 604 3516 conditionem
616 3464 660 3513 ob·
698 3467 765 3516 Ado.
780 3481 837 3516 avt.
850 3473 889 3517 lt.

130 3560 234 3594 terrare
252 3545 338 3608 jubet,
363 3544 424 3607 quin
450 3543 509 3605 imo,
529 3557 587 3605 qum
608 3556 660 3590 non
730 3549 762 3592 22
780 3544 932 3593 Levationem
948 3545 1098 3608 argenteum]
1123 3545 1230 3596 Adina·

130 3629 238 3685 pooount
249 3623 351 3671 ratione
363 3619 559 3684 ulinexplicari‚
570 3634 602 3668 en
612 3632 661 3681 pro
698 3633 740 3667 um
752 3618 793 3667 bic
807 3618 919 3669 refertur
931 3620 1069 3669 lavationis
1078 3623 1230 3671 instrumen-

130 3711 181 3746 non
204 3699 309 3760 scriptis
331 3697 430 3760 baberi,
443 3696 588 3760 jurisperiti
609 3704 659 3744 tra·
698 3702 761 3744 turn.
802 3696 930 3746 Videatur
953 3697 1062 3759 Gyrald.
1086 3697 1119 3747 ad
1140 3699 1228 3762 symb.

130 3773 204 3822 dunt.
239 3773 332 3837 ltaque
354 3788 412 3822 curn
432 3773 470 3822 alc
492 3772 590 3836 negligi
604 3772 659 3835 jue,
698 3770 777 3834 Pytb.
792 3772 942 3820 ‘Dextrum
962 3771 1055 3835 pedem
1068 3774 1141 3836 prino
1159 3774 1229 3823 indu·

130 3848 197 3911 quud
216 3846 267 3895 fuit
285 3848 391 3910 nullum,
408 3862 458 3896 non
479 3848 604 3912 potuerit,
619 3862 659 3896 ne·
697 3847 803 3910 endum,
822 3847 955 3897 eluietrum
975 3861 1037 3898 vero
1058 3851 1130 3912 prino
1143 3852 1230 3900 laren·

128 3925 231 3983 glorium
241 3922 463 3983 juedeconsuitia
481 3926 658 3988 interpretor3
696 3923 757 3972 ‹lnm
770 3923 786 3972 :'
816 3926 889 3973 Petr.
911 3923 1025 3987 Angelus
1048 3926 1177 3989 Bargteue
1197 3927 1229 3977 de

130 4000 204 4062 quael
227 4000 329 4047 Noster·
344 3999 453 4061 diceret,
475 4015 526 4049 non
549 4000 659 4063 emplius
699 3999 778 4051 AEdif.
791 4001 870 4050 Urbia
880 4002 1141 4052 Romaeerereoribut
1152 4019 1179 4068 p.
1190 4007 1230 4054 88.

127 4088 229 4124 curnme
250 4075 331 4136 ipaoe,
349 4088 397 4123 nec
417 4083 584 4138 exspectatae
596 4075 651 4125 diu·
696 4092 747 4142 req.
781 4077 813 4127 ln
825 4086 879 4129 ret.
896 4079 973 4128 Notio
993 4080 1189 4146 conjunguntur
1200 4083 1231 4134 ll.

131 4152 193 4211 tina,
211 4151 231 4199 oi
243 4149 313 4200 forte
328 4151 474 4202 invenirent
484 4153 591 4217 aliquid,
602 4152 658 4212 eed,
694 4153 769 4203 V.v.
786 4154 893 4216 balnea,
911 4155 1095 4211 Vina‚Venne.
1121 4157 1224 4208 Pmea

130 4225 597 4295 quodpoeeetidfideboualecieoe.
621 4227 658 4279 Ut
694 4231 748 4279 Vae
769 4229 859 4295 ingene
881 4230 974 4281 lotioni
998 4230 1170 4297 deatinatum,
1191 4232 1228 4284 nti
