2714 4696
157 284 182 350 4
611 297 812 348 sorerem.

160 443 314 521 occessit,
347 447 385 509 ut
408 460 471 509 nec
502 447 748 527 praceptorum
777 442 941 509 meritus
970 443 1145 526 elegmtioe
1171 446 1270 514 ithu-

159 547 278 623 urum,
303 564 366 610 nec
386 544 575 609 fabularum
594 544 730 609 exilitas
750 549 997 628 praceptorum
1024 546 1195 629 majestati
1210 549 1269 614 de·

162 649 276 716 truhut
291 651 485 733 quicquam.

205 750 284 816 Has
313 768 391 832 ergo
427 749 573 827 subulas,
613 750 873 815 Ssssuissnrs
903 749 1110 838 Puiucsss,
1147 752 1268 822 dium

160 872 277 932 mauu,
295 852 359 916 lias
383 861 549 915 nocturne
575 851 749 933 versabis3
770 870 878 935 coque
893 851 1012 934 diliges
1026 853 1268 935 vehementius,

160 955 253 1041 quod
274 974 345 1020 nou
368 961 440 1018 tem
461 973 549 1031 meu,
572 973 673 1037 quom
697 953 924 1018 illustrissimi
948 955 1058 1018 Ducis
1082 955 1269 1022 Mourm-

161 1072 267 1122 suuu
291 1075 412 1120 munus
439 1053 569 1120 offeret.
622 1055 688 1120 Ille
713 1058 803 1122 vires
829 1057 923 1133 mihi,
946 1056 1004 1121 illo
1032 1057 1270 1140 suppeditavit

162 1161 307 1238 smirnos,
331 1158 387 1223 ille
411 1157 549 1240 impulit
566 1164 607 1222 ut
628 1158 785 1223 auderem
811 1158 876 1223 hac
900 1161 936 1223 iu
955 1165 1053 1243 purte
1078 1160 1269 1225 studiorum

162 1267 300 1327 trorum
313 1260 394 1327 Tibi
407 1259 571 1343 prodesse
586 1259 851 1343 quodammodo.
891 1259 945 1324 'l'u
970 1259 1048 1324 tuve
1071 1280 1161 1326 noro
1187 1261 1268 1328 huic

162 1363 286 1442 labori,
302 1382 405 1447 quem
418 1368 452 1427 ot
465 1381 507 1426 co
516 1364 660 1447 jubente
674 1363 828 1447 suscepi,
840 1364 878 1425 et
891 1368 926 1425 te
941 1372 1111 1427 annuente
1123 1363 1269 1431 confeci.

163 1465 238 1532 luit
249 1465 323 1531 lucc
337 1485 488 1531 meorrun
501 1472 656 1531 votorum
676 1485 817 1544 summe,
841 1465 872 1529 si
892 1464 1034 1530 videbor
1049 1465 1216 1548 obsequio
1230 1472 1267 1530 te

162 1587 233 1634 non
245 1588 341 1635 mem
330 1568 519 1647 coluisse,
545 1569 608 1635 sed
629 1569 816 1635 contulisse
836 1567 961 1651 aliquid
984 1567 1027 1631 ud
1043 1565 1269 1632 excolendum

163 1670 249 1736 tenti
258 1670 455 1755 Principis
445 1672 629 1755 ingenium,
651 1673 687 1737 in
711 1691 780 1757 quo
803 1670 977 1735 fortunam
998 1669 1139 1753 Imperii
1154 1667 1269 1733 Chris-

164 1771 356 1852 mmmm,
386 1790 484 1858 spem
506 1774 649 1843 muimi
679 1775 799 1859 Regis,
831 1772 1008 1839 Gallorum
1032 1779 1127 1850 vote,
1161 1770 1268 1836 totius

165 1872 270 1940 Orbis
292 1875 568 1961 expectationem
592 1877 689 1947 Deus
709 1878 875 1965 Optimus
889 1873 1064 1941 lluximue
1077 1873 1270 2001 felicissime

166 1976 337 2062 deposuit
631 2026 635 2033 .

782 2082 863 2150 'libi
886 2079 1139 2146 Devotissimus

842 2255 845 2261 .
874 2194 1064 2265 PETRUS
1087 2193 1267 2262 DANBI'.
