2714 4696
122 272 189 349 566
301 295 353 317 ι·
465 267 921 353 manutenementum„

123 428 232 493 Matris·
249 441 351 490 magnao
384 425 475 477 Gallos
512 427 655 490 amputatis
690 422 826 475 Jnsserat!
849 422 926 476 Quod
937 422 1077 474 Nicolaum
1090 421 1230 474 natatu

122 511 216 572 sponte
236 501 408 567 genitalibns‚'
428 504 516 554 aner.
536 504 582 552 lib.
600 516 653 552 ιιι.
691 496 828 562 effugerat,
845 499 888 565 qui
900 505 961 549 ante
972 514 1012 548 rue
1024 499 1146 550 codicem
1156 498 1230 563 illum

123 587 183 635 c.'l.
215 581 284 630 Vide
304 587 333 630 et
343 579 449 645 Apulei.
466 581 512 630 lib.
524 594 585 631 vur.
617 579 655 628 Hi
692 581 848 642 contulerat,
865 588 893 630 nt
913 580 1002 630 ridere
1023 580 1088 630 licet
1107 594 1141 630 ex
1164 578 1230 643 ejsu-

123 658 241 714 solebant
251 657 344 720 stipem
353 671 457 721 cogere,
465 665 492 706 et
501 665 574 706 certe
583 657 656 720 larga
691 654 751 706 dem
771 656 852 719 priori
871 656 986 706 editione
1002 655 1168 718 virgilium
1182 653 1230 703 sed

123 736 192 799 stipe
203 733 374 783 donabantur.
408 734 448 783 Dc
461 734 544 784 Gallis
559 734 591 783 iis
603 733 655 782 Lu·
692 739 844 785 auuoldld.
860 750 876 784 a
895 750 937 786 me
954 735 1079 797 monitus,
1095 735 1122 783 iu
1141 740 1228 798 poste·

123 811 221 861 cretius
242 810 287 860 lib.
300 822 331 859 11.
342 814 399 860 624.
417 811 509 875 ‘Ergo
526 825 584 860 cum
602 810 656 876 pti·
692 813 754 863 riori
774 828 821 862 suo
840 813 963 877 editione,
980 821 1009 863 ut
1026 813 1093 873 dixi,
1110 812 1229 861 mutarit.

123 902 191 945 mum
205 901 310 951 ningues
320 889 423 937 invecta
435 902 483 950 per
493 886 579 947 nrbes,
596 888 655 936 Mu·
695 891 785 954 Neque
796 890 874 938 aliter
885 904 917 939 eo
928 892 986 940 loco
998 889 1098 953 legitur
1108 890 1133 936 lu
1145 895 1230 939 setae

123 963 213 1016 nificat
236 965 316 1014 tacita
332 965 455 1014 mortales
473 970 545 1014 muta
562 964 656 1026 salute,
693 965 797 1015 tissimis
827 966 891 1015 meis
922 966 1079 1014 membranis
1103 963 1228 1014 Maronis.

124 1041 184 1091 AErc
216 1048 294 1104 atqne
324 1045 432 1103 argento
459 1045 580 1090 sternunt
604 1039 655 1089 itor
691 1043 744 1092 Sed
763 1042 1119 1093 etidemiureuiinLucaoi
1134 1042 1229 1093 libret.

124 1115 318 1176 emneriarum,
336 1114 464 1178 Largitica
483 1115 552 1179 stipe
570 1113 655 1163 ditan·
693 1134 731 1169 vs.
750 1124 807 1169 600.
833 1119 1004 1184 antiquissimi
1021 1118 1121 1168 codicis
1139 1118 1229 1168 Diria·

124 1199 174 1253 tet,
198 1189 360 1254 ninguntque
381 1204 502 1254 rosarum
526 1189 655 1250 Floribus,
693 1196 780 1245 nensis
802 1196 955 1245 Bobcriaui:
975 1195 1032 1243 ‘Et
1052 1194 1137 1245 lotam
1156 1207 1229 1245 reso-

123 1267 274 1329 umbrantea
293 1268 406 1317 Matrem
423 1267 596 1332 comitumque
615 1280 657 1315 ca·
693 1264 754 1321 caut
783 1270 891 1320 Almone
923 1269 1079 1334 Cylrcbcrn!
1123 1270 1232 1321 Scilicet

125 1342 244 1395 terram!
277 1344 369 1394 Cicero
390 1344 423 1394 de
442 1343 552 1407 legibus,
568 1343 613 1392 lib.
624 1355 656 1392 ιι.
693 1352 763 1395 stato
773 1346 815 1395 die
823 1347 961 1412 quotannis
971 1362 987 1395 a
998 1346 1023 1397 d.
1034 1361 1059 1395 v.
1070 1346 1133 1397 Kal.
1146 1345 1228 1411 April.

124 1421 208 1486 primo
236 1422 305 1472 inter
335 1423 406 1485 leges
446 1437 462 1471 s
488 1436 516 1471 se
542 1421 657 1484 scriptas
693 1421 857 1471 simulacrum
877 1422 984 1487 Cybelae
1001 1430 1132 1487 carpento
1151 1423 1228 1487 impe·

124 1496 545 1551 nuncnabet:⁴1’raeter1daee
565 1495 657 1546 matris
693 1498 771 1547 sitnm
782 1498 900 1549 Almonis
916 1512 985 1563 aqua
1002 1497 1177 1560 abluebatur;
1193 1503 1229 1549 sl·

125 1568 242 1636 famulos,
272 1588 367 1638 eosque
391 1574 473 1638 justis
502 1572 605 1635 diebus,
623 1586 656 1621 nc
694 1586 744 1636 quc
765 1571 825 1621 binc
845 1573 867 1621 is
890 1572 946 1622 dies
968 1573 1067 1623 dicitnr
1083 1573 1227 1624 ‘hostin-¹

126 1651 184 1714 quis
202 1651 296 1714 stipem
316 1649 421 1713 cogito.'
455 1650 553 1700 Pontes
572 1650 598 1699 io
621 1649 657 1699 le·
694 1646 846 1697 VidAmm.
858 1650 940 1699 Marc.
950 1649 996 1698 lib.
1004 1661 1087 1699 nnus.
1098 1665 1160 1713 pag.
1170 1650 1229 1699 edit.

127 1742 186 1790 gum
208 1727 314 1777 istarum
340 1728 516 1791 explicatione
537 1727 570 1778 ad
590 1728 657 1778 hanc
693 1723 781 1774 Valeo.
803 1727 861 1773 241.
887 1726 932 1774 ubi
955 1740 978 1775 v.
1005 1732 1097 1784 annot.
1124 1726 1228 1775 valesii.

127 1801 209 1867 legem
237 1803 286 1852 bne
319 1803 413 1854 hebet:
441 1805 570 1868 ‘stipem
601 1819 657 1854 sns-
694 1799 737 1849 Sic
756 1805 785 1849 et
799 1799 867 1863 apud
884 1800 1056 1850 Prudentinm
1068 1801 1096 1850 iu
1107 1801 1229 1864 antiqnit-

127 1868 243 1939 tulimus,
261 1879 310 1927 uisi
328 1893 394 1942 eam,
415 1894 491 1948 quam
511 1880 544 1929 sd
563 1895 658 1944 paucos
694 1875 759 1925 tlnto
771 1876 924 1937 codicellis.
942 1878 1075 1940 reperitur
1089 1877 1195 1941 Cybebe,
1202 1872 1228 1925 e't

127 1951 181 2001 dies
193 1955 324 2016 propriam
341 1952 420 2005 Idaeae
440 1956 534 2004 lllatris
554 1956 659 2019 excepi·
695 1951 733 2002 sio
752 1953 849 2016 passim
861 1953 886 2001 in
899 1954 1025 2003 omnibns.
1060 1953 1143 2002 Silius
1159 1952 1229 2002 luti·

127 2043 197 2091 mus;
215 2029 306 2092 implet
321 2030 390 2079 enim
406 2031 591 2094 superstitione
603 2031 660 2082 ani·
695 2041 741 2076 cus
751 2026 784 2076 de
796 2028 872 2077 Bello
880 2028 982 2077 Punico
994 2028 1038 2078 lib.
1050 2041 1093 2078 rx.
1106 2030 1115 2057 ‘
1127 2029 1228 2089 Pariter

127 2118 190 2166 mos,
200 2112 227 2154 ct
238 2105 359 2155 exhaurit
367 2107 476 2157 domos!
495 2109 561 2157 Gud.
695 2105 845 2153 veneranda
855 2104 972 2168 Cybele!
994 2105 1170 2156 Scribauduns
1179 2119 1229 2155 om·

162 2181 270 2244 Cybeles]
287 2182 325 2231 Ut
342 2181 444 2232 Graecis
466 2190 519 2232 tam
536 2185 563 2232 in
582 2198 661 2247 prosa
695 2179 765 2243 nino,
786 2181 884 2246 Cybebe.
925 2181 1018 2245 Cybebe
1038 2183 1121 2232 etiarn
1142 2182 1230 2234 rescri-

128 2272 205 2324 qnam
217 2259 416 2308 sorssoratinrra
427 2261 493 2309 alma
504 2262 590 2310 Deum
602 2262 660 2311 Ma·
695 2256 806 2306 bendum
816 2258 841 2305 iu
849 2259 1230 2324 Sylvilecenatisepigrstn-

128 2340 169 2397 tec
191 2334 263 2384 dicta
282 2343 323 2385 est
339 2341 369 2385 et
387 2333 488 2394 Κυβήβη
507 2343 536 2385 et
554 2334 661 2402 Κυβέλη,
695 2340 782 2383 mater
795 2332 885 2382 ‘Ades
897 2334 955 2393 buc,
967 2333 1040 2396 ades,
1053 2334 1155 2397 Cybele
1166 2336 1231 2395 Dea,

126 2411 165 2469 sie
184 2412 263 2462 etiam
280 2411 372 2463 eadem
390 2413 490 2463 Latinis
507 2413 532 2462 iu
551 2421 660 2478 utraque
696 2410 845 2475 montigena
868 2411 932 2473 Dea,
955 2411 1023 2474 Age,
1046 2419 1173 2476 tympano
1192 2426 1232 2463 eo·

128 2489 246 2540 oratioue
268 2495 322 2539 tum
341 2487 432 2553 Cybebe
454 2488 555 2552 syllaba
575 2489 661 2540 media
698 2486 770 2535 nauti
780 2493 859 2550 quate
869 2484 986 2536 flexibile
998 2487 1099 2552 ceput!
1132 2487 1232 2541 Sedto·

127 2564 266 2628 producta,
283 2572 337 2615 tum
352 2566 437 2629 Cybele
457 2567 557 2629 syllaba
568 2565 659 2615 eadem
698 2568 752 2612 tnm
773 2564 904 2627 negotium
935 2562 1042 2613 conficit
1065 2573 1231 2628 pervetustus

127 2641 371 2703 correpta,dicitur.
389 2641 660 2706 Hincsemper,quau-
697 2640 780 2687 Servii
791 2641 874 2687 codex
885 2641 1112 2702 septingentorum
1129 2642 1232 2692 circiter

127 2714 161 2766 do
173 2717 287 2765 secunda
298 2716 394 2780 syllaba
406 2718 431 2764 in
442 2732 517 2765 versu
529 2718 606 2778 longa
617 2730 660 2765 oc·
697 2728 832 2774 annorum,
845 2730 859 2762 e
872 2729 976 2764 scamno
988 2728 1052 2765 xcv.
1065 2717 1230 2767 bibliotbecte

127 2793 219 2850 currit,
236 2790 399 2839 scribendum
412 2791 514 2854 Cybebe,
532 2806 660 2856 nunquam
698 2789 838 2850 Mediceae;
856 2790 970 2839 sicenim
982 2792 1109 2841 hacteuus
1122 2794 1234 2857 vulgate

130 2865 234 2930 Cybelle,
258 2873 289 2915 nt
315 2865 440 2928 plerique,
454 2866 567 2914 editores
586 2866 612 2914 iu
628 2868 660 2917 iis
697 2865 779 2915 Servii
799 2865 926 2915 editiones
939 2867 971 2915 ad
985 2867 1089 2930 Virgilii
1109 2868 1181 2918 illum
1197 2870 1233 2918 le·

128 2942 264 3007 poetarum
282 2941 355 3000 locis,
373 2941 417 2990 ubi
438 2942 505 2991 ratio
523 2943 599 2992 metri
620 2958 660 2993 se-
698 2956 756 2991 cum
767 2942 824 2990 AEn.
836 2941 879 2992 lib.
888 2955 914 2991 x.
930 2943 1022 2993 ‘Alma
1033 2945 1134 3008 Cybele]
1148 2944 1173 2995 A
1185 2946 1234 3010 Cy·

129 3018 238 3073 cundum
258 3018 362 3081 longam
374 3017 493 3081 requirit,
509 3018 659 3069 excudicu·
697 3016 757 3067 belo
777 3018 888 3081 Phryge,
905 3020 948 3082 qui
968 3021 1067 3083 primus
1086 3023 1112 3070 ei
1131 3037 1231 3073 sacrum

129 3101 226 3145 rerunt.
255 3096 348 3158 Neque
360 3094 438 3144 etiarn
449 3095 563 3144 secunda
574 3095 600 3144 iu
612 3096 660 3159 Cy·
697 3094 821 3156 instituit,
838 3096 925 3144 Mater
941 3097 1025 3146 Deum
1044 3098 1119 3147 dieta
1135 3099 1232 3163 Cybele

59 3173 63 3183 '
129 3172 176 3222 bele
195 3170 305 3234 produci
325 3179 413 3234 potest
432 3178 660 3236 proptetsequeu·
697 3169 745 3219 deb
761 3171 803 3219 τοῦ
821 3172 936 3234 endromis
953 3172 1128 3236 τὴνκιφολὴν,
1144 3175 1173 3223 id
1184 3182 1233 3234 est,

130 3254 183 3296 tem
206 3247 327 3311 liquidam
349 3248 366 3308 l,
391 3253 421 3296 ιιι
444 3247 528 3297 Faber
548 3248 660 3311 putavit.
698 3248 794 3310 capitis
806 3248 946 3309 rotatione,
957 3247 1026 3311 quod
1037 3262 1143 3312 semper
1156 3249 1233 3310 Galli,

129 3323 434 3388 Utrumqueperperam.
459 3325 493 3374 Et
502 3323 661 3373 verissimum
698 3332 771 3372 motu
789 3323 881 3386 capitis
893 3336 939 3385 per
956 3322 1070 3371 furorem
1083 3337 1187 3373 comam
1196 3337 1233 3373 ro·

130 3407 179 3458 est,
204 3400 231 3448 in
257 3399 375 3448 omnibus
397 3400 470 3458 locis,
495 3400 539 3449 ubi
560 3400 661 3450 ratione
699 3405 795 3460 tantes,
807 3399 905 3447 ululatu
917 3396 1004 3446 futura
1016 3399 1231 3461 pronuntiabant.

130 3477 208 3528 metri
220 3476 333 3526 secunda
346 3479 481 3541 longeest,
497 3477 661 3527 scribendum
699 3478 833 3527 Lucanus:
850 3477 858 3504 ⁴
871 3476 1027 3539 Criuemqua
1036 3477 1233 3540 rotantes‚San·

131 3570 187 3605 esse
199 3556 298 3620 Cybebe.
335 3554 376 3606 lta
393 3562 420 3604 et
438 3555 486 3605 boc
503 3555 570 3619 loco,
587 3562 616 3605 et
635 3555 661 3604 in
699 3555 786 3617 guiuci
797 3554 898 3618 populis
909 3553 1041 3602 ulularunt
1053 3553 1233 3604 tristisGalli.'

130 3630 218 3681 fabula
230 3637 270 3681 17.
285 3631 362 3695 hujus
375 3630 443 3691 libri,
459 3630 538 3680 habet
550 3631 661 3695 optimus
700 3631 786 3695 Cybele
795 3640 880 3680 autent
893 3629 1019 3678 Bacchius
1028 3635 1078 3689 est,
1086 3630 1235 3694 uamCybele

132 3708 222 3758 Codex
242 3708 389 3768 Remensls;
409 3714 487 3771 atque
504 3709 542 3758 sic
564 3707 662 3758 diserte
699 3715 847 3770 anapestus
870 3705 929 3754 cst.'
969 3704 1020 3753 Sed
1043 3703 1129 3753 Servii
1152 3706 1233 3755 codex

131 3784 320 3849 leguntomncs
332 3784 502 3848 antiquissimi
522 3785 662 3834 Politsrnm
699 3782 742 3831 ille
761 3782 880 3831 laudatus
897 3780 1035 3829 Mediceus
1054 3779 1093 3829 sic
1113 3780 1181 3831 bunc
1199 3783 1232 3831 lo·

132 3860 197 3910 bles.
210 3861 329 3923 Cndlces,
340 3877 403 3925 quos
413 3861 592 3911 consuluimus.
618 3862 661 3912 Sic
700 3872 758 3908 curn
773 3857 889 3921 exhibet,
906 3856 1036 3922 quomodo
1048 3857 1156 3906 omnino
1173 3856 1234 3907 seri·

131 3937 214 3988 inillo
233 3938 663 4003 venerandasantiquitatiscodice
700 3935 813 3984 bendum
837 3948 985 3984 censemus:
1013 3933 1021 3959 ⁴
1046 3933 1141 3997 Cybebe
1161 3932 1233 3996 olus]

131 4011 256 4062 Mediceo
272 4011 376 4076 virgilii
391 4012 447 4062 AEn.
461 4028 488 4063 x.
506 4015 664 4078 ιΝιιιιιριιιιι,
702 4010 790 4082 Mater
807 4012 893 4060 Deum
912 4010 984 4072 dicta
1004 4010 1108 4074 Cybebe,
1130 4013 1172 4060 rel
1191 4011 1234 4060 tel

133 4102 195 4152 quas
218 4088 285 4136 alma
304 4086 411 4151 Cybebe
437 4089 539 4139 Numen
567 4089 664 4140 babere
700 4087 1233 4153 roienmorqinrbreepoubr,quodsemper

133 4165 220 4228 maris,
237 4164 423 4230 Nymphasque
443 4181 457 4216 c
477 4165 584 4217 navibus
606 4181 664 4218 esse
702 4165 772 4218 Gabi
792 4180 840 4230 per
858 4163 970 4215 furorem
989 4172 1062 4215 motu
1079 4164 1174 4230 capitis
1194 4178 1234 4216 ao·
