2714 4696
122 287 193 357 784
231 260 234 265 .
365 298 560 353 amnuens
582 298 797 351 norrrorrusr
821 296 986 351 rnnour.

127 449 312 520 eneruem.
323 448 452 529 deniqne
466 470 486 513 e
503 449 649 511 -cherrutr
662 450 740 511 Petri
753 448 885 511 Danielis
898 468 916 508 a
929 447 1058 528 Rigaltio
1070 447 1219 518 ennecus,

127 545 325 624 disquisitioni
339 544 478 624 subjecit.
498 546 589 606 Hisce
610 544 751 607 subsidiis
776 544 936 606 instructus
948 553 1064 604 textum
1087 543 1221 603 emenda·

128 641 193 702 rit:
215 661 275 720 quo
288 640 407 720 qnideor
420 643 450 701 in
464 659 569 720 genere
580 641 623 700 ric
634 649 767 702 vacetur
779 651 835 715 est,
848 651 884 701 ut
895 658 1046 719 nunquam
1059 638 1123 699 sere
1135 657 1155 698 a
1166 638 1223 697 iec-

129 737 257 797 tionibus
279 746 408 798 veterum
431 737 588 809 Codicum,
602 737 656 797 uiri
676 737 729 798 nbi
751 758 832 799 error
852 737 1035 797 iibrariornna
1057 733 1224 794 menifestus

130 832 413 910 deprehenderetur,
426 833 483 893 sibi
504 833 704 895 recedendum
719 852 785 893 esse
798 842 927 913 ponat.
945 831 1044 902 Notis,
1058 850 1097 891 er
1108 828 1226 889 editoris

131 928 343 988 commentario
365 927 495 1006 pleniore
519 928 674 1000 desumtia,
703 929 819 1008 egregie
841 928 1004 988 illustratur
1025 934 1225 1007 potorque

132 1022 252 1102 quiden
267 1022 307 1082 ita
320 1022 441 1100 scriptas
456 1031 536 1094 ruat,
550 1031 584 1082 ut
596 1023 662 1082 alin
674 1023 804 1095 carica,
825 1024 892 1083 elia
913 1022 1139 1092 [iteratoribus.
1162 1038 1227 1079 non·

132 1119 221 1178 nuiioe
235 1117 322 1177 etiarn
337 1117 478 1178 tironibus
495 1118 613 1197 placere
636 1120 767 1198 possint.
787 1119 896 1179 Tertni
920 1118 1058 1198 prefixae
1077 1125 1149 1178 suat
1169 1115 1228 1174 Dis·

133 1213 301 1290 ocutiones
315 1228 371 1273 ιιι.
391 1213 430 1274 de
443 1215 521 1286 vin,
535 1215 664 1288 Pnbulis,
677 1224 711 1275 et
723 1214 908 1274 Pditiorribus
921 1213 1052 1274 Phaedri.

174 1341 216 1355 -
225 1309 385 1388 irnprored
397 1310 481 1369 Latin
495 1310 716 1390 orthography.
729 1308 895 1380 Phaedrus',
908 1327 944 1370 or
953 1309 1120 1379 Phoedros',
1130 1305 1230 1369 liebier

135 1407 166 1467 ia
180 1405 278 1476 Iadn.
289 1405 419 1484 edepud
443 1414 476 1466 to
493 1407 545 1467 the
568 1408 630 1467 Dse
653 1404 689 1465 ot
708 1407 848 1467 berners
868 1404 926 1465 and
947 1404 1061 1477 others,
1086 1404 1131 1483 by
1154 1421 1231 1463 sone

136 1503 258 1580 change
272 1503 302 1562 in
315 1503 365 1563 the
379 1502 519 1581 Speiiing,
535 1501 668 1580 together
680 1501 752 1562 arith
772 1499 937 1561 additional
952 1500 1054 1560 vowel
1066 1498 1231 1561 characters

136 1597 193 1658 eod
209 1579 323 1669 birrho}
335 1601 395 1657 tro.
404 1597 492 1677 being
505 1596 686 1657 Voinrnetbe
695 1594 758 1656 siret
766 1595 802 1657 os
811 1597 861 1656 the
872 1597 957 1659 Latin
971 1597 1119 1668 hutnore,
1140 1593 1232 1655 rrhich

136 1711 188 1753 are
200 1693 241 1753 sll
264 1692 404 1755 intended
419 1693 460 1772 by
473 1693 523 1755 the
538 1692 644 1754 Patitor
655 1701 688 1752 to
701 1691 739 1752 be
765 1691 924 1770 published
937 1691 1142 1770 enecasiveiy
1150 1691 1181 1749 iu
1191 1689 1233 1748 the

138 1789 202 1849 reid
218 1790 354 1850 Manaer.
371 1791 416 1868 By
430 1792 462 1851 S.
478 1791 513 1850 B.
528 1792 566 1850 Α.
578 1790 612 1848 D
627 1787 763 1849 London.
779 1789 914 1848 Debrett.
930 1796 960 1848 8.

180 1884 297 1942 Pbredri
312 1885 432 1945 Fabula
449 1885 568 1945 selectae
588 1899 681 1944 xxu.
702 1886 736 1944 iu
750 1885 859 1945 Christ.
874 1881 1003 1943 Gottiob
1015 1880 1154 1942 Broderi
1169 1880 1235 1939 iec-

139 1977 269 2041 tiuuibus
283 1978 403 2038 latinis.
424 1978 543 2055 lipsio.
558 1987 577 2039 8
590 1979 663 2056 mai.

180 2105 221 2117 -—
231 2072 350 2133 Phaedri
364 2073 541 2135 Fsbuiarum
551 2074 632 2135 Libri
646 2089 679 2134 v.
694 2072 939 2155 interpretatione
951 2083 981 2134 et
992 2073 1072 2135 uotis
1085 2071 1236 2133 illustrarit

142 2169 221 2230 Petr.
236 2170 335 2230 Donet
347 2168 377 2231 iu
388 2188 473 2231 mum
488 2170 641 2248 Delphini.
663 2170 803 2232 Venetiir.
816 2169 987 2230 c-fflitio
1000 2168 1226 2246 elegentissime

182 2265 350 2341 -Pheedri
362 2266 493 2327 Fabula.
512 2267 557 2326 Er
574 2266 742 2326 mune
755 2267 789 2325 P.
802 2265 972 2335 harmanni,
995 2282 1065 2323 curn
1096 2262 1179 2322 notis
1202 2280 1240 2319 se

142 2361 321 2425 lectioribus.
343 2360 442 2422 Editio
463 2362 629 2434 oorbsiroa,
649 2370 735 2422 etex
757 2362 896 2423 omnibus
909 2360 1045 2441 partibus
1064 2378 1160 2439 quam
1181 2355 1240 2437 pri·

17 2487 20 2491 ·
143 2457 298 2529 cherrima,
310 2474 380 2517 cont
395 2456 533 2536 θη...
546 2456 689 2519 Venetiis.
702 2465 731 2518 8.

185 2551 354 2611 -Phoedri
373 2551 550 2612 fabularum
576 2553 679 2630 AEsop.
698 2551 779 2610 Libri
801 2569 836 2611 v.
856 2562 887 2609 et
910 2567 1051 2610 novarum
1076 2550 1238 2610 fabularum

145 2647 317 2725 Appendix.
338 2648 436 2717 Halae,
450 2647 589 2724 impensis
603 2647 875 2725 Orphanotrophei.
895 2655 940 2706 12.

191 2742 400 2810 1788Phredri
425 2743 545 2802 Fabulae
576 2744 703 2803 reiectsa.
730 2743 789 2802 Mit
813 2742 1040 2818 Anrnerhungen
1067 2742 1132 2801 und
1155 2742 1241 2800 einero

147 2835 371 2912 voibtaendigen
394 2838 599 2917 Wortregister
624 2838 673 2899 fur
696 2837 835 2898 Schulen.
856 2837 993 2908 Berolini,
1015 2836 1100 2915 apud
1121 2838 1198 2897 Petit
1216 2844 1243 2894 et

147 2931 295 2992 Schoene.
310 2933 485 2994 8.-Editor
497 2943 544 2993 est
556 2934 603 2994 Cl.
616 2933 768 2994 Joerdens.

190 3030 357 3089 -l'hredri
379 3020 555 3092 Pabularnrn
583 3031 664 3091 Libri
687 3047 720 3089 v.
741 3030 827 3090 Nora
850 3029 951 3100 editio,
980 3029 1030 3087 cui
1058 3036 1243 3089 accesserunt

150 3124 238 3184 Notae
252 3127 391 3196 Gallicae.
406 3128 438 3187 P.
455 3129 519 3206 Syri
537 3138 568 3188 ct
589 3129 712 3188 aliorum
737 3126 908 3196 Sententiae,
922 3143 1037 3184 necnon
1057 3125 1172 3185 fabule
1199 3143 1245 3203 pa·

148 3220 258 3283 rulleiae
271 3223 318 3282 Jo.
333 3222 371 3282 de
384 3223 413 3283 ia
427 3223 576 3284 Pontaine.
596 3223 722 3292 Parisiis,
736 3242 786 3301 ap.
801 3222 885 3279 Paui.
901 3221 1024 3299 Dionys.
1040 3222 1164 3280 Broces.
1178 3229 1222 3279 12.

200 3326 277 3388 1790
290 3321 435 3378 Auctorea
456 3319 549 3378 Latird
562 3319 698 3388 minores,
714 3317 742 3378 in
758 3336 839 3376 usum
855 3316 1030 3375 Scholarum
1050 3316 1161 3376 additio
1178 3313 1247 3375 notis

150 3414 227 3497 editi
238 3419 315 3490 (cur.
331 3414 367 3473 C.
382 3415 423 3473 Η.
437 3414 649 3487 Tascbuchio.)
661 3415 748 3473 Tom.
765 3411 934 3479 1.Misenae‚
951 3411 1096 3489 impensis
1113 3413 1149 3471 C.
1163 3412 1195 3471 F.
1208 3411 1245 3468 G.

153 3510 320 3570 Erbsteinii.
346 3511 625 3571 12.—Cootioeatur
638 3511 698 3569 hoc
711 3507 854 3568 volumine
875 3515 981 3585 praeter
1005 3506 1136 3566 Fabulae
1151 3505 1249 3567 Ariani

151 3626 239 3665 erec.
260 3605 474 3684 Canrregietcri,
504 3608 591 3666 Dion.
615 3605 737 3666 Catonis
763 3604 899 3663 Disticha
918 3602 956 3661 de
973 3603 1110 3664 moribus
1134 3624 1172 3664 ex
1194 3620 1248 3661 rec.

151 3699 312 3771 Arntzenii,
327 3700 360 3759 P.
375 3701 443 3778 Syri
456 3710 487 3761 et
498 3701 620 3762 aliorum
636 3711 764 3763 veterum
780 3699 938 3760 Sententffl
951 3719 988 3759 ex
999 3719 1060 3759 rec.
1076 3702 1107 3761 J.
1122 3696 1248 3767 Gruteri,

27 3832 32 3840 -
152 3794 271 3854 Phaedri
296 3794 416 3855 Fabula
429 3816 466 3855 ex
479 3815 547 3857 rec.
556 3797 590 3857 P.
605 3797 773 3858 Rurmrnni.
798 3796 965 3874 separatim
978 3816 1103 3875 quoque
1117 3796 1250 3857 phedro

152 3888 252 3948 editus
267 3902 312 3951 est
326 3893 384 3952 rub
398 3893 501 3953 titulo:

197 4016 237 4030 -
261 3987 379 4049 Phaedri
399 3991 577 4051 Fsbulerurn
603 3992 686 4054 Libri
712 4008 745 4050 v.
769 3992 800 4051 in
823 4009 908 4051 usum
932 3989 1103 4050 achoiarum
1132 3985 1252 4069 aspersis
