<?xml version="1.0" encoding="UTF-8"?>
<!DOCTYPE html PUBLIC "-//W3C//DTD XHTML 1.0 Transitional//EN"
    "http://www.w3.org/TR/xhtml1/DTD/xhtml1-transitional.dtd">
<html xmlns="http://www.w3.org/1999/xhtml" xml:lang="en" lang="en">
 <head>
  <title>
</title>
<meta http-equiv="Content-Type" content="text/html;charset=utf-8" />
  <meta name='ocr-system' content='tesseract 3.04.00' />
  <meta name='ocr-capabilities' content='ocr_page ocr_carea ocr_par ocr_line ocrx_word'/>
</head>
<body>
  <div class='ocr_page' id='page_1' title='image "./phaedriaugustil01phaegoog_0051.png"; bbox 0 0 2714 4696; ppageno 0'>
   <div class='ocr_carea' id='block_1_1' title="bbox 173 261 966 335">
    <p class='ocr_par' dir='ltr' id='par_1_1' title="bbox 173 261 966 335">
     <span class='ocr_line' id='line_1_1' title="bbox 173 261 966 335; baseline -0.013 -7"><span class='ocrx_word' id='word_1_1' title='bbox 173 261 219 335; x_wconf 72' lang='lat' dir='ltr'><strong>:tt</strong></span> <span class='ocrx_word' id='word_1_2' title='bbox 482 271 637 326; x_wconf 68' lang='lat' dir='ltr'><strong>runicus</strong></span> <span class='ocrx_word' id='word_1_3' title='bbox 661 271 710 322; x_wconf 81' lang='lat' dir='ltr'><strong>nu</strong></span> <span class='ocrx_word' id='word_1_4' title='bbox 731 268 966 322; x_wconf 72' lang='lat' dir='ltr'><strong>rrsruuomu</strong></span> 
     </span>
    </p>
   </div>
   <div class='ocr_carea' id='block_1_2' title="bbox 292 434 1102 547">
    <p class='ocr_par' dir='ltr' id='par_1_2' title="bbox 292 434 1102 547">
     <span class='ocr_line' id='line_1_2' title="bbox 292 434 1102 547; baseline -0.011 -18"><span class='ocrx_word' id='word_1_5' title='bbox 292 434 299 445; x_wconf 15' lang='grc' dir='ltr'>κ</span> <span class='ocrx_word' id='word_1_6' title='bbox 347 462 444 529; x_wconf 88' lang='lat' dir='ltr'><strong>Idem</strong></span> <span class='ocrx_word' id='word_1_7' title='bbox 458 461 500 528; x_wconf 87' lang='lat' dir='ltr'><strong>de</strong></span> <span class='ocrx_word' id='word_1_8' title='bbox 513 437 617 529; x_wconf 82' lang='lat' dir='ltr'><strong>variis</strong></span> <span class='ocrx_word' id='word_1_9' title='bbox 632 461 772 547; x_wconf 79' lang='lat' dir='ltr'><strong>Linguae</strong></span> <span class='ocrx_word' id='word_1_10' title='bbox 788 461 921 527; x_wconf 79' lang='lat' dir='ltr'><strong>Latinae</strong></span> <span class='ocrx_word' id='word_1_11' title='bbox 935 456 1102 524; x_wconf 85' lang='lat' dir='ltr'><strong>aetatibus.</strong></span> 
     </span>
    </p>
   </div>
   <div class='ocr_carea' id='block_1_3' title="bbox 177 600 1279 997">
    <p class='ocr_par' dir='ltr' id='par_1_3' title="bbox 177 600 1279 997">
     <span class='ocr_line' id='line_1_3' title="bbox 220 600 1279 690; baseline -0.006 -17"><span class='ocrx_word' id='word_1_12' title='bbox 220 607 396 690; x_wconf 79' lang='lat' dir='ltr'><strong>Submgati</strong></span> <span class='ocrx_word' id='word_1_13' title='bbox 420 605 572 672; x_wconf 85' lang='lat' dir='ltr'><strong>Atlantes</strong></span> <span class='ocrx_word' id='word_1_14' title='bbox 594 607 665 684; x_wconf 86' lang='lat' dir='ltr'><strong>alii,</strong></span> <span class='ocrx_word' id='word_1_15' title='bbox 685 610 719 670; x_wconf 88' lang='lat' dir='ltr'><strong>et</strong></span> <span class='ocrx_word' id='word_1_16' title='bbox 743 605 810 689; x_wconf 86' lang='lat' dir='ltr'><strong>ipsi</strong></span> <span class='ocrx_word' id='word_1_17' title='bbox 832 605 935 669; x_wconf 83' lang='lat' dir='ltr'><strong>fortes</strong></span> <span class='ocrx_word' id='word_1_18' title='bbox 963 602 1102 684; x_wconf 87' lang='lat' dir='ltr'><strong>fidique,</strong></span> <span class='ocrx_word' id='word_1_19' title='bbox 1118 600 1178 686; x_wconf 87' lang='lat' dir='ltr'><strong>qui</strong></span> <span class='ocrx_word' id='word_1_20' title='bbox 1192 601 1279 670; x_wconf 83' lang='lat' dir='ltr'><strong>anti·</strong></span> 
     </span>
     <span class='ocr_line' id='line_1_4' title="bbox 177 702 1279 797; baseline -0.011 -18"><span class='ocrx_word' id='word_1_21' title='bbox 177 731 277 797; x_wconf 86' lang='lat' dir='ltr'><strong>quam</strong></span> <span class='ocrx_word' id='word_1_22' title='bbox 291 707 429 792; x_wconf 83' lang='lat' dir='ltr'><strong>gloriam</strong></span> <span class='ocrx_word' id='word_1_23' title='bbox 443 709 491 774; x_wconf 86' lang='lat' dir='ltr'><strong>ita</strong></span> <span class='ocrx_word' id='word_1_24' title='bbox 505 709 704 784; x_wconf 86' lang='lat' dir='ltr'><strong>sustinuere,</strong></span> <span class='ocrx_word' id='word_1_25' title='bbox 719 711 756 771; x_wconf 89' lang='lat' dir='ltr'><strong>ut</strong></span> <span class='ocrx_word' id='word_1_26' title='bbox 779 704 897 771; x_wconf 88' lang='lat' dir='ltr'><strong>inillis</strong></span> <span class='ocrx_word' id='word_1_27' title='bbox 912 704 965 771; x_wconf 84' lang='lat' dir='ltr'><strong>vel</strong></span> <span class='ocrx_word' id='word_1_28' title='bbox 978 703 1070 780; x_wconf 85' lang='lat' dir='ltr'>nihil,</span> <span class='ocrx_word' id='word_1_29' title='bbox 1087 702 1141 769; x_wconf 85' lang='lat' dir='ltr'><strong>vel</strong></span> <span class='ocrx_word' id='word_1_30' title='bbox 1158 721 1279 787; x_wconf 84' lang='lat' dir='ltr'><strong>parum</strong></span> 
     </span>
     <span class='ocr_line' id='line_1_5' title="bbox 177 803 1279 895; baseline -0.006 -18"><span class='ocrx_word' id='word_1_31' title='bbox 177 818 237 881; x_wconf 86' lang='lat' dir='ltr'><strong>ant</strong></span> <span class='ocrx_word' id='word_1_32' title='bbox 249 811 493 895; x_wconf 86' lang='lat' dir='ltr'><strong>peregrinitatis</strong></span> <span class='ocrx_word' id='word_1_33' title='bbox 517 816 575 876; x_wconf 88' lang='lat' dir='ltr'><strong>aut</strong></span> <span class='ocrx_word' id='word_1_34' title='bbox 588 810 688 877; x_wconf 83' lang='lat' dir='ltr'><strong>invisi</strong></span> <span class='ocrx_word' id='word_1_35' title='bbox 711 809 792 872; x_wconf 89' lang='lat' dir='ltr'><strong>senii</strong></span> <span class='ocrx_word' id='word_1_36' title='bbox 814 810 1037 872; x_wconf 87' lang='lat' dir='ltr'><strong>intemoscas:</strong></span> <span class='ocrx_word' id='word_1_37' title='bbox 1060 803 1279 877; x_wconf 85' lang='lat' dir='ltr'><strong>Paterculum</strong></span> 
     </span>
     <span class='ocr_line' id='line_1_6' title="bbox 177 907 1079 997; baseline -0.014 -14"><span class='ocrx_word' id='word_1_38' title='bbox 177 912 329 997; x_wconf 80' lang='lat' dir='ltr'><strong>designo,</strong></span> <span class='ocrx_word' id='word_1_39' title='bbox 345 911 506 991; x_wconf 81' lang='lat' dir='ltr'><strong>Curtium,</strong></span> <span class='ocrx_word' id='word_1_40' title='bbox 523 909 671 989; x_wconf 70' lang='lat' dir='ltr'><strong>Celsum</strong></span> <span class='ocrx_word' id='word_1_41' title='bbox 688 907 879 986; x_wconf 73' lang='lat' dir='ltr'><strong>Phaedrum,</strong></span> <span class='ocrx_word' id='word_1_42' title='bbox 892 911 954 973; x_wconf 74' lang='lat' dir='ltr'><strong>tuo,</strong></span> <span class='ocrx_word' id='word_1_43' title='bbox 1076 933 1079 936; x_wconf 94' lang='lat'>·</span> 
     </span>
    </p>
   </div>
   <div class='ocr_carea' id='block_1_4' title="bbox 236 1036 1312 1181">
    <p class='ocr_par' dir='ltr' id='par_1_4' title="bbox 236 1036 1312 1181">
     <span class='ocr_line' id='line_1_7' title="bbox 236 1036 1312 1181; baseline -0.013 -16"><span class='ocrx_word' id='word_1_44' title='bbox 236 1096 361 1165; x_wconf 79' lang='lat' dir='ltr'><strong>Daniel</strong></span> <span class='ocrx_word' id='word_1_45' title='bbox 374 1052 538 1181; x_wconf 79' lang='lat' dir='ltr'><strong>Georgius</strong></span> <span class='ocrx_word' id='word_1_46' title='bbox 553 1093 737 1161; x_wconf 81' lang='lat' dir='ltr'><strong>Mothotius</strong></span> <span class='ocrx_word' id='word_1_47' title='bbox 750 1093 785 1161; x_wconf 90' lang='lat' dir='ltr'><strong>in</strong></span> <span class='ocrx_word' id='word_1_48' title='bbox 799 1078 883 1158; x_wconf 84' lang='lat' dir='ltr'><strong>libro</strong></span> <span class='ocrx_word' id='word_1_49' title='bbox 898 1090 940 1155; x_wconf 87' lang='lat' dir='ltr'><strong>de</strong></span> <span class='ocrx_word' id='word_1_50' title='bbox 955 1088 1078 1154; x_wconf 80' lang='lat' dir='ltr'><strong>Pater.</strong></span> <span class='ocrx_word' id='word_1_51' title='bbox 1093 1087 1241 1160; x_wconf 55' lang='lat' dir='ltr'><strong>Liviam,</strong></span> <span class='ocrx_word' id='word_1_52' title='bbox 1308 1036 1312 1041; x_wconf 20' lang='grc' dir='ltr'>Ι</span> 
     </span>
    </p>
   </div>
   <div class='ocr_carea' id='block_1_5' title="bbox 645 1191 814 1279">
    <p class='ocr_par' dir='ltr' id='par_1_5' title="bbox 645 1191 814 1279">
     <span class='ocr_line' id='line_1_8' title="bbox 645 1191 814 1279; baseline 0.006 -20"><span class='ocrx_word' id='word_1_53' title='bbox 645 1215 723 1279; x_wconf 80' lang='lat' dir='ltr'><strong>pag.</strong></span> <span class='ocrx_word' id='word_1_54' title='bbox 738 1191 814 1260; x_wconf 79' lang='lat'>158.</span> 
     </span>
    </p>
   </div>
   <div class='ocr_carea' id='block_1_6' title="bbox 107 1284 1282 1609">
    <p class='ocr_par' dir='ltr' id='par_1_6' title="bbox 107 1284 1282 1609">
     <span class='ocr_line' id='line_1_9' title="bbox 224 1284 1281 1416; baseline -0.015 -23"><span class='ocrx_word' id='word_1_55' title='bbox 224 1324 388 1395; x_wconf 71' lang='lat' dir='ltr'><strong>rasurus</strong></span> <span class='ocrx_word' id='word_1_56' title='bbox 402 1321 613 1407; x_wconf 76' lang='lat' dir='ltr'><strong>nugusuvu</strong></span> <span class='ocrx_word' id='word_1_57' title='bbox 626 1319 754 1385; x_wconf 80' lang='lat' dir='ltr'><strong>Tiberii</strong></span> <span class='ocrx_word' id='word_1_58' title='bbox 768 1319 1027 1400; x_wconf 51' lang='lat' dir='ltr'><strong>oneramus</strong></span> <span class='ocrx_word' id='word_1_59' title='bbox 1040 1284 1281 1416; x_wconf 42' lang='lat' dir='ltr'><strong>Tarax&amp;</strong></span> 
     </span>
     <span class='ocr_line' id='line_1_10' title="bbox 179 1416 1282 1512; baseline -0.008 -18"><span class='ocrx_word' id='word_1_60' title='bbox 179 1427 216 1512; x_wconf 95' lang='lat' dir='ltr'><strong>pi</strong></span> <span class='ocrx_word' id='word_1_61' title='bbox 231 1426 380 1493; x_wconf 84' lang='lat' dir='ltr'><strong>Fabulae</strong></span> <span class='ocrx_word' id='word_1_62' title='bbox 395 1425 524 1490; x_wconf 82' lang='lat' dir='ltr'><strong>Latinis</strong></span> <span class='ocrx_word' id='word_1_63' title='bbox 535 1423 709 1488; x_wconf 85' lang='lat' dir='ltr'><strong>versiculis</strong></span> <span class='ocrx_word' id='word_1_64' title='bbox 718 1420 895 1504; x_wconf 83' lang='lat' dir='ltr'><strong>descripsit</strong></span> <span class='ocrx_word' id='word_1_65' title='bbox 909 1418 995 1483; x_wconf 90' lang='lat' dir='ltr'><strong>adeo</strong></span> <span class='ocrx_word' id='word_1_66' title='bbox 1008 1417 1126 1483; x_wconf 89' lang='lat' dir='ltr'><strong>nitidis</strong></span> <span class='ocrx_word' id='word_1_67' title='bbox 1139 1423 1174 1480; x_wconf 87' lang='lat' dir='ltr'><strong>et</strong></span> <span class='ocrx_word' id='word_1_68' title='bbox 1185 1416 1282 1485; x_wconf 77' lang='lat' dir='ltr'><strong>lima·</strong></span> 
     </span>
     <span class='ocr_line' id='line_1_11' title="bbox 107 1522 944 1609; baseline -0.012 -12"><span class='ocrx_word' id='word_1_69' title='bbox 107 1554 112 1565; x_wconf 90' lang='lat'>·</span> <span class='ocrx_word' id='word_1_70' title='bbox 180 1529 236 1609; x_wconf 88' lang='lat' dir='ltr'><strong>tis,</strong></span> <span class='ocrx_word' id='word_1_71' title='bbox 249 1535 288 1595; x_wconf 93' lang='lat' dir='ltr'><strong>nt</strong></span> <span class='ocrx_word' id='word_1_72' title='bbox 298 1529 344 1593; x_wconf 93' lang='lat' dir='ltr'><strong>nil</strong></span> <span class='ocrx_word' id='word_1_73' title='bbox 358 1526 542 1594; x_wconf 78' lang='lat' dir='ltr'>Romanius</span> <span class='ocrx_word' id='word_1_74' title='bbox 557 1525 627 1591; x_wconf 88' lang='lat' dir='ltr'><strong>dici</strong></span> <span class='ocrx_word' id='word_1_75' title='bbox 640 1524 807 1607; x_wconf 84' lang='lat' dir='ltr'><strong>scribique</strong></span> <span class='ocrx_word' id='word_1_76' title='bbox 822 1522 944 1607; x_wconf 85' lang='lat' dir='ltr'><strong>possit.</strong></span> 
     </span>
    </p>
   </div>
   <div class='ocr_carea' id='block_1_7' title="bbox 345 1695 1044 1782">
    <p class='ocr_par' dir='ltr' id='par_1_7' title="bbox 345 1695 1044 1782">
     <span class='ocr_line' id='line_1_12' title="bbox 345 1695 1044 1782; baseline -0.007 -17"><span class='ocrx_word' id='word_1_77' title='bbox 345 1729 347 1734; x_wconf 96' lang='lat'>·</span> <span class='ocrx_word' id='word_1_78' title='bbox 414 1699 509 1765; x_wconf 90' lang='lat' dir='ltr'><strong>Idem</strong></span> <span class='ocrx_word' id='word_1_79' title='bbox 524 1697 730 1782; x_wconf 82' lang='lat' dir='ltr'><strong>Polyhistor.</strong></span> <span class='ocrx_word' id='word_1_80' title='bbox 745 1702 832 1779; x_wconf 87' lang='lat' dir='ltr'><strong>part.</strong></span> <span class='ocrx_word' id='word_1_81' title='bbox 848 1712 888 1760; x_wconf 83' lang='lat'><strong>11.</strong></span> <span class='ocrx_word' id='word_1_82' title='bbox 901 1715 979 1780; x_wconf 83' lang='lat' dir='ltr'><strong>pag.</strong></span> <span class='ocrx_word' id='word_1_83' title='bbox 990 1695 1044 1761; x_wconf 88' lang='grc'><strong>61.</strong></span> 
     </span>
    </p>
   </div>
   <div class='ocr_carea' id='block_1_8' title="bbox 183 1821 1285 2012">
    <p class='ocr_par' dir='ltr' id='par_1_8' title="bbox 183 1821 1285 2012">
     <span class='ocr_line' id='line_1_13' title="bbox 226 1821 1285 1907; baseline -0.005 -15"><span class='ocrx_word' id='word_1_84' title='bbox 226 1824 282 1892; x_wconf 86' lang='lat' dir='ltr'><strong>Ne</strong></span> <span class='ocrx_word' id='word_1_85' title='bbox 305 1825 438 1895; x_wconf 81' lang='lat' dir='ltr'><strong>fabulas</strong></span> <span class='ocrx_word' id='word_1_86' title='bbox 463 1823 601 1906; x_wconf 90' lang='lat' dir='ltr'><strong>quidem</strong></span> <span class='ocrx_word' id='word_1_87' title='bbox 622 1823 716 1907; x_wconf 88' lang='lat' dir='ltr'><strong>ipsas</strong></span> <span class='ocrx_word' id='word_1_88' title='bbox 737 1822 792 1889; x_wconf 88' lang='lat' dir='ltr'><strong>hic</strong></span> <span class='ocrx_word' id='word_1_89' title='bbox 815 1823 1013 1907; x_wconf 82' lang='lat' dir='ltr'><strong>excipimus,</strong></span> <span class='ocrx_word' id='word_1_90' title='bbox 1042 1826 1157 1906; x_wconf 87' lang='lat' dir='ltr'><strong>estque</strong></span> <span class='ocrx_word' id='word_1_91' title='bbox 1184 1839 1226 1887; x_wconf 85' lang='lat' dir='ltr'><strong>eo</strong></span> <span class='ocrx_word' id='word_1_92' title='bbox 1248 1821 1285 1887; x_wconf 86' lang='lat' dir='ltr'><strong>ia</strong></span> 
     </span>
     <span class='ocr_line' id='line_1_14' title="bbox 183 1925 906 2012; baseline -0.004 -20"><span class='ocrx_word' id='word_1_93' title='bbox 183 1947 300 2012; x_wconf 82' lang='lat' dir='ltr'><strong>genere</strong></span> <span class='ocrx_word' id='word_1_94' title='bbox 314 1926 397 1992; x_wconf 86' lang='lat' dir='ltr'><strong>nihil</strong></span> <span class='ocrx_word' id='word_1_95' title='bbox 410 1925 547 1993; x_wconf 87' lang='lat' dir='ltr'><strong>Phaedri</strong></span> <span class='ocrx_word' id='word_1_96' title='bbox 558 1926 683 1990; x_wconf 81' lang='lat' dir='ltr'><strong>tabulis</strong></span> <span class='ocrx_word' id='word_1_97' title='bbox 696 1925 891 2009; x_wconf 82' lang='lat' dir='ltr'><strong>elegantius.</strong></span> <span class='ocrx_word' id='word_1_98' title='bbox 903 1995 906 2000; x_wconf 61' lang='grc'><em>,</em></span> 
     </span>
    </p>
   </div>
   <div class='ocr_carea' id='block_1_9' title="bbox 258 2105 1206 2192">
    <p class='ocr_par' dir='ltr' id='par_1_9' title="bbox 258 2105 1206 2192">
     <span class='ocr_line' id='line_1_15' title="bbox 258 2105 1206 2192; baseline 0.002 -18"><span class='ocrx_word' id='word_1_99' title='bbox 258 2108 381 2174; x_wconf 82' lang='lat' dir='ltr'><strong>Joann.</strong></span> <span class='ocrx_word' id='word_1_100' title='bbox 396 2105 488 2173; x_wconf 87' lang='lat' dir='ltr'><strong>Petr.</strong></span> <span class='ocrx_word' id='word_1_101' title='bbox 502 2107 612 2174; x_wconf 87' lang='lat' dir='ltr'><strong>Titius</strong></span> <span class='ocrx_word' id='word_1_102' title='bbox 628 2106 882 2174; x_wconf 85' lang='lat' dir='ltr'><strong>Munuduction.</strong></span> <span class='ocrx_word' id='word_1_103' title='bbox 897 2108 941 2173; x_wconf 85' lang='lat' dir='ltr'><strong>ad</strong></span> <span class='ocrx_word' id='word_1_104' title='bbox 953 2108 1206 2192; x_wconf 81' lang='lat' dir='ltr'><strong>excerpendum.</strong></span> 
     </span>
    </p>
   </div>
   <div class='ocr_carea' id='block_1_10' title="bbox 185 2234 1286 2521">
    <p class='ocr_par' dir='ltr' id='par_1_10' title="bbox 185 2234 1286 2521">
     <span class='ocr_line' id='line_1_16' title="bbox 185 2234 1286 2319; baseline -0.003 -18"><span class='ocrx_word' id='word_1_105' title='bbox 185 2307 189 2315; x_wconf 85' lang='lat'>.</span> <span class='ocrx_word' id='word_1_106' title='bbox 229 2236 314 2301; x_wconf 85' lang='lat' dir='ltr'><strong>Esse</strong></span> <span class='ocrx_word' id='word_1_107' title='bbox 329 2253 410 2299; x_wconf 87' lang='lat' dir='ltr'><strong>sane</strong></span> <span class='ocrx_word' id='word_1_108' title='bbox 424 2234 561 2301; x_wconf 85' lang='lat' dir='ltr'><strong>Phaedri</strong></span> <span class='ocrx_word' id='word_1_109' title='bbox 576 2235 727 2301; x_wconf 80' lang='lat' dir='ltr'><strong>Fabulae</strong></span> <span class='ocrx_word' id='word_1_110' title='bbox 740 2235 881 2299; x_wconf 83' lang='lat' dir='ltr'><strong>maximi</strong></span> <span class='ocrx_word' id='word_1_111' title='bbox 902 2236 1013 2319; x_wconf 87' lang='lat' dir='ltr'><strong>pretii,</strong></span> <span class='ocrx_word' id='word_1_112' title='bbox 1027 2235 1081 2300; x_wconf 85' lang='lat' dir='ltr'><strong>vel</strong></span> <span class='ocrx_word' id='word_1_113' title='bbox 1105 2254 1152 2299; x_wconf 80' lang='lat' dir='ltr'><strong>ex</strong></span> <span class='ocrx_word' id='word_1_114' title='bbox 1172 2254 1213 2299; x_wconf 88' lang='lat' dir='ltr'><strong>eo</strong></span> <span class='ocrx_word' id='word_1_115' title='bbox 1235 2234 1286 2298; x_wconf 90' lang='lat' dir='ltr'><strong>in·</strong></span> 
     </span>
     <span class='ocr_line' id='line_1_17' title="bbox 186 2335 1286 2421; baseline -0.004 -17"><span class='ocrx_word' id='word_1_116' title='bbox 186 2337 289 2421; x_wconf 78' lang='lat' dir='ltr'><strong>telligi</strong></span> <span class='ocrx_word' id='word_1_117' title='bbox 304 2339 431 2420; x_wconf 87' lang='lat' dir='ltr'><strong>potest,</strong></span> <span class='ocrx_word' id='word_1_118' title='bbox 446 2337 540 2418; x_wconf 90' lang='lat' dir='ltr'><strong>quod</strong></span> <span class='ocrx_word' id='word_1_119' title='bbox 555 2344 624 2403; x_wconf 91' lang='lat' dir='ltr'><strong>tam</strong></span> <span class='ocrx_word' id='word_1_120' title='bbox 644 2338 741 2402; x_wconf 89' lang='lat' dir='ltr'><strong>multi</strong></span> <span class='ocrx_word' id='word_1_121' title='bbox 762 2338 850 2402; x_wconf 87' lang='lat' dir='ltr'><strong>tanti</strong></span> <span class='ocrx_word' id='word_1_122' title='bbox 869 2337 1014 2401; x_wconf 92' lang='lat' dir='ltr'><strong>nominis</strong></span> <span class='ocrx_word' id='word_1_123' title='bbox 1034 2337 1097 2401; x_wconf 79' lang='lat' dir='ltr'><strong>viri</strong></span> <span class='ocrx_word' id='word_1_124' title='bbox 1121 2335 1286 2401; x_wconf 83' lang='lat' dir='ltr'><strong>illustrare</strong></span> 
     </span>
     <span class='ocr_line' id='line_1_18' title="bbox 186 2437 962 2521; baseline -0.005 -15"><span class='ocrx_word' id='word_1_125' title='bbox 186 2458 248 2506; x_wconf 88' lang='lat' dir='ltr'><strong>eas</strong></span> <span class='ocrx_word' id='word_1_126' title='bbox 263 2437 429 2521; x_wconf 81' lang='lat' dir='ltr'><strong>superiori</strong></span> <span class='ocrx_word' id='word_1_127' title='bbox 444 2443 480 2501; x_wconf 90' lang='lat' dir='ltr'><strong>et</strong></span> <span class='ocrx_word' id='word_1_128' title='bbox 493 2442 606 2502; x_wconf 88' lang='lat' dir='ltr'><strong>nostra</strong></span> <span class='ocrx_word' id='word_1_129' title='bbox 620 2442 721 2504; x_wconf 85' lang='lat' dir='ltr'><strong>aetate</strong></span> <span class='ocrx_word' id='word_1_130' title='bbox 737 2439 861 2521; x_wconf 81' lang='lat' dir='ltr'><strong>dignati</strong></span> <span class='ocrx_word' id='word_1_131' title='bbox 875 2444 962 2502; x_wconf 90' lang='lat' dir='ltr'><strong>sunt.</strong></span> 
     </span>
    </p>
   </div>
   <div class='ocr_carea' id='block_1_11' title="bbox 275 2615 1202 2711">
    <p class='ocr_par' dir='ltr' id='par_1_11' title="bbox 275 2615 1202 2711">
     <span class='ocr_line' id='line_1_19' title="bbox 275 2615 1202 2711; baseline 0.001 -30"><span class='ocrx_word' id='word_1_132' title='bbox 275 2615 397 2683; x_wconf 85' lang='lat' dir='ltr'><strong>Christ.</strong></span> <span class='ocrx_word' id='word_1_133' title='bbox 412 2615 645 2699; x_wconf 83' lang='lat' dir='ltr'><strong>Wagenselius</strong></span> <span class='ocrx_word' id='word_1_134' title='bbox 662 2622 698 2684; x_wconf 93' lang='lat' dir='ltr'><strong>in</strong></span> <span class='ocrx_word' id='word_1_135' title='bbox 714 2620 801 2686; x_wconf 88' lang='lat' dir='ltr'><strong>Pera</strong></span> <span class='ocrx_word' id='word_1_136' title='bbox 814 2622 974 2685; x_wconf 88' lang='lat' dir='ltr'><strong>librorum</strong></span> <span class='ocrx_word' id='word_1_137' title='bbox 988 2618 1202 2711; x_wconf 81' lang='lat' dir='ltr'><strong>Juvenilium.</strong></span> 
     </span>
    </p>
   </div>
   <div class='ocr_carea' id='block_1_12' title="bbox 187 2742 1295 4143">
    <p class='ocr_par' dir='ltr' id='par_1_12' title="bbox 187 2742 1295 4143">
     <span class='ocr_line' id='line_1_20' title="bbox 232 2742 1289 2830; baseline -0.002 -21"><span class='ocrx_word' id='word_1_138' title='bbox 232 2743 335 2809; x_wconf 82' lang='lat' dir='ltr'><strong>Haesi</strong></span> <span class='ocrx_word' id='word_1_139' title='bbox 348 2742 497 2811; x_wconf 88' lang='lat' dir='ltr'><strong>nonnihil</strong></span> <span class='ocrx_word' id='word_1_140' title='bbox 517 2745 706 2826; x_wconf 84' lang='lat' dir='ltr'><strong>ambiguus,</strong></span> <span class='ocrx_word' id='word_1_141' title='bbox 728 2765 796 2826; x_wconf 91' lang='lat' dir='ltr'><strong>quo</strong></span> <span class='ocrx_word' id='word_1_142' title='bbox 819 2747 965 2811; x_wconf 83' lang='lat' dir='ltr'><strong>maxime</strong></span> <span class='ocrx_word' id='word_1_143' title='bbox 987 2747 1127 2830; x_wconf 89' lang='lat' dir='ltr'><strong>antiqno</strong></span> <span class='ocrx_word' id='word_1_144' title='bbox 1147 2751 1183 2808; x_wconf 92' lang='lat' dir='ltr'><strong>et</strong></span> <span class='ocrx_word' id='word_1_145' title='bbox 1197 2744 1289 2826; x_wconf 84' lang='lat' dir='ltr'><strong>inge·</strong></span> 
     </span>
     <span class='ocr_line' id='line_1_21' title="bbox 187 2843 1289 2929; baseline -0.002 -17"><span class='ocrx_word' id='word_1_146' title='bbox 187 2843 494 2912; x_wconf 88' lang='lat' dir='ltr'><strong>nuo-libroFilium</strong></span> <span class='ocrx_word' id='word_1_147' title='bbox 508 2865 646 2928; x_wconf 88' lang='lat' dir='ltr'><strong>puerum</strong></span> <span class='ocrx_word' id='word_1_148' title='bbox 662 2846 839 2912; x_wconf 79' lang='lat' dir='ltr'><strong>Latinituti</strong></span> <span class='ocrx_word' id='word_1_149' title='bbox 853 2848 1026 2912; x_wconf 88' lang='lat' dir='ltr'><strong>initiarem.</strong></span> <span class='ocrx_word' id='word_1_150' title='bbox 1060 2847 1212 2929; x_wconf 86' lang='lat' dir='ltr'><strong>Cumque</strong></span> <span class='ocrx_word' id='word_1_151' title='bbox 1226 2864 1289 2910; x_wconf 88' lang='lat' dir='ltr'><strong>nec</strong></span> 
     </span>
     <span class='ocr_line' id='line_1_22' title="bbox 189 2944 1290 3029; baseline -0.004 -16"><span class='ocrx_word' id='word_1_152' title='bbox 189 2947 348 3013; x_wconf 86' lang='lat' dir='ltr'><strong>severitas</strong></span> <span class='ocrx_word' id='word_1_153' title='bbox 363 2944 587 3027; x_wconf 79' lang='lat' dir='ltr'><strong>Epistularum</strong></span> <span class='ocrx_word' id='word_1_154' title='bbox 603 2946 785 3021; x_wconf 84' lang='lat' dir='ltr'><strong>Ciceronis,</strong></span> <span class='ocrx_word' id='word_1_155' title='bbox 800 2968 860 3013; x_wconf 87' lang='lat' dir='ltr'><strong>nec</strong></span> <span class='ocrx_word' id='word_1_156' title='bbox 880 2948 966 3012; x_wconf 89' lang='lat' dir='ltr'><strong>alius</strong></span> <span class='ocrx_word' id='word_1_157' title='bbox 981 2947 1107 3012; x_wconf 86' lang='lat' dir='ltr'><strong>Auctor</strong></span> <span class='ocrx_word' id='word_1_158' title='bbox 1121 2946 1290 3029; x_wconf 87' lang='lat' dir='ltr'><strong>prolixus,</strong></span> 
     </span>
     <span class='ocr_line' id='line_1_23' title="bbox 189 3047 1292 3137; baseline -0.005 -22"><span class='ocrx_word' id='word_1_159' title='bbox 189 3069 230 3115; x_wconf 86' lang='lat' dir='ltr'><strong>ac</strong></span> <span class='ocrx_word' id='word_1_160' title='bbox 246 3048 282 3112; x_wconf 93' lang='lat' dir='ltr'><strong>in</strong></span> <span class='ocrx_word' id='word_1_161' title='bbox 294 3066 406 3137; x_wconf 87' lang='lat' dir='ltr'><strong>rerum</strong></span> <span class='ocrx_word' id='word_1_162' title='bbox 421 3047 661 3132; x_wconf 82' lang='lat' dir='ltr'><strong>verborumque</strong></span> <span class='ocrx_word' id='word_1_163' title='bbox 685 3050 936 3133; x_wconf 86' lang='lat' dir='ltr'><strong>amplitudinem</strong></span> <span class='ocrx_word' id='word_1_164' title='bbox 959 3050 1107 3125; x_wconf 86' lang='lat' dir='ltr'><strong>diffusus,</strong></span> <span class='ocrx_word' id='word_1_165' title='bbox 1124 3047 1292 3111; x_wconf 86' lang='lat' dir='ltr'><strong>videretur</strong></span> 
     </span>
     <span class='ocr_line' id='line_1_24' title="bbox 189 3146 1291 3230; baseline -0.006 -14"><span class='ocrx_word' id='word_1_166' title='bbox 189 3150 319 3216; x_wconf 78' lang='lat' dir='ltr'><strong>tanfillo</strong></span> <span class='ocrx_word' id='word_1_167' title='bbox 342 3146 456 3230; x_wconf 87' lang='lat' dir='ltr'><strong>captui</strong></span> <span class='ocrx_word' id='word_1_168' title='bbox 480 3151 665 3227; x_wconf 88' lang='lat' dir='ltr'><strong>convenire,</strong></span> <span class='ocrx_word' id='word_1_169' title='bbox 687 3149 894 3227; x_wconf 82' lang='lat' dir='ltr'><strong>Quintiliani</strong></span> <span class='ocrx_word' id='word_1_170' title='bbox 918 3151 1061 3215; x_wconf 90' lang='lat' dir='ltr'><strong>consilio</strong></span> <span class='ocrx_word' id='word_1_171' title='bbox 1078 3151 1193 3214; x_wconf 90' lang='lat' dir='ltr'><strong>locum</strong></span> <span class='ocrx_word' id='word_1_172' title='bbox 1208 3147 1291 3210; x_wconf 87' lang='lat' dir='ltr'><strong>dan-</strong></span> 
     </span>
     <span class='ocr_line' id='line_1_25' title="bbox 191 3251 1291 3335; baseline -0.005 -19"><span class='ocrx_word' id='word_1_173' title='bbox 191 3252 270 3316; x_wconf 90' lang='lat' dir='ltr'><strong>dum</strong></span> <span class='ocrx_word' id='word_1_174' title='bbox 283 3269 500 3320; x_wconf 88' lang='lat' dir='ltr'><strong>essemecum</strong></span> <span class='ocrx_word' id='word_1_175' title='bbox 525 3252 642 3328; x_wconf 90' lang='lat' dir='ltr'><strong>statui,</strong></span> <span class='ocrx_word' id='word_1_176' title='bbox 657 3253 717 3335; x_wconf 92' lang='lat' dir='ltr'><strong>qui</strong></span> <span class='ocrx_word' id='word_1_177' title='bbox 741 3254 834 3318; x_wconf 85' lang='lat' dir='ltr'><strong>aetati</strong></span> <span class='ocrx_word' id='word_1_178' title='bbox 858 3254 1004 3318; x_wconf 82' lang='lat' dir='ltr'><strong>nondum</strong></span> <span class='ocrx_word' id='word_1_179' title='bbox 1026 3251 1207 3315; x_wconf 84' lang='lat' dir='ltr'><strong>Rheturem</strong></span> <span class='ocrx_word' id='word_1_180' title='bbox 1234 3267 1291 3312; x_wconf 86' lang='lat' dir='ltr'><strong>ea·</strong></span> 
     </span>
     <span class='ocr_line' id='line_1_26' title="bbox 190 3351 1293 3438; baseline -0.004 -22"><span class='ocrx_word' id='word_1_181' title='bbox 190 3354 306 3438; x_wconf 85' lang='lat' dir='ltr'><strong>pienti,</strong></span> <span class='ocrx_word' id='word_1_182' title='bbox 329 3352 452 3434; x_wconf 91' lang='lat' dir='ltr'><strong>AEsopi</strong></span> <span class='ocrx_word' id='word_1_183' title='bbox 476 3351 629 3429; x_wconf 86' lang='lat' dir='ltr'><strong>fabellas,</strong></span> <span class='ocrx_word' id='word_1_184' title='bbox 658 3371 811 3419; x_wconf 87' lang='lat' dir='ltr'><strong>sermone</strong></span> <span class='ocrx_word' id='word_1_185' title='bbox 837 3374 933 3438; x_wconf 90' lang='lat' dir='ltr'><strong>puro,</strong></span> <span class='ocrx_word' id='word_1_186' title='bbox 960 3361 996 3416; x_wconf 88' lang='lat' dir='ltr'><strong>et</strong></span> <span class='ocrx_word' id='word_1_187' title='bbox 1017 3353 1100 3416; x_wconf 90' lang='lat' dir='ltr'><strong>nihil</strong></span> <span class='ocrx_word' id='word_1_188' title='bbox 1126 3370 1164 3415; x_wconf 93' lang='lat' dir='ltr'><strong>se</strong></span> <span class='ocrx_word' id='word_1_189' title='bbox 1187 3368 1293 3432; x_wconf 92' lang='lat' dir='ltr'><strong>supra</strong></span> 
     </span>
     <span class='ocr_line' id='line_1_27' title="bbox 190 3440 1292 3530; baseline -0.004 -14"><span class='ocrx_word' id='word_1_190' title='bbox 190 3452 327 3516; x_wconf 86' lang='lat' dir='ltr'><strong>modum</strong></span> <span class='ocrx_word' id='word_1_191' title='bbox 342 3440 531 3529; x_wconf 75' lang='lat' dir='ltr'><strong>extollente,</strong></span> <span class='ocrx_word' id='word_1_192' title='bbox 546 3471 687 3530; x_wconf 85' lang='lat' dir='ltr'><strong>narrare,</strong></span> <span class='ocrx_word' id='word_1_193' title='bbox 704 3473 755 3517; x_wconf 91' lang='lat' dir='ltr'><strong>ac.</strong></span> <span class='ocrx_word' id='word_1_194' title='bbox 767 3455 1008 3519; x_wconf 83' lang='lat' dir='ltr'><strong>nutricularum</strong></span> <span class='ocrx_word' id='word_1_195' title='bbox 1021 3450 1147 3516; x_wconf 86' lang='lat' dir='ltr'><strong>fabulis</strong></span> <span class='ocrx_word' id='word_1_196' title='bbox 1167 3449 1292 3514; x_wconf 90' lang='lat' dir='ltr'><strong>substi-</strong></span> 
     </span>
     <span class='ocr_line' id='line_1_28' title="bbox 191 3551 1294 3638; baseline -0.001 -21"><span class='ocrx_word' id='word_1_197' title='bbox 191 3558 284 3617; x_wconf 84' lang='lat' dir='ltr'><strong>tuere</strong></span> <span class='ocrx_word' id='word_1_198' title='bbox 307 3553 440 3616; x_wconf 86' lang='lat' dir='ltr'><strong>suadet.</strong></span> <span class='ocrx_word' id='word_1_199' title='bbox 491 3552 718 3630; x_wconf 80' lang='lat' dir='ltr'><strong>Quamobrem</strong></span> <span class='ocrx_word' id='word_1_200' title='bbox 741 3553 932 3631; x_wconf 84' lang='lat' dir='ltr'><strong>Phaedrum,</strong></span> <span class='ocrx_word' id='word_1_201' title='bbox 958 3573 1026 3638; x_wconf 93' lang='lat' dir='ltr'><strong>quo</strong></span> <span class='ocrx_word' id='word_1_202' title='bbox 1048 3571 1146 3617; x_wconf 88' lang='lat' dir='ltr'><strong>nemo</strong></span> <span class='ocrx_word' id='word_1_203' title='bbox 1170 3551 1294 3635; x_wconf 85' lang='lat' dir='ltr'><strong>AEsopi</strong></span> 
     </span>
     <span class='ocr_line' id='line_1_29' title="bbox 192 3649 1294 3738; baseline -0.003 -20"><span class='ocrx_word' id='word_1_204' title='bbox 192 3651 368 3738; x_wconf 72' lang='lat' dir='ltr'><strong>Apologos</strong></span> <span class='ocrx_word' id='word_1_205' title='bbox 385 3653 492 3733; x_wconf 78' lang='lat' dir='ltr'><strong>magis</strong></span> <span class='ocrx_word' id='word_1_206' title='bbox 508 3655 590 3718; x_wconf 87' lang='lat' dir='ltr'><strong>scite</strong></span> <span class='ocrx_word' id='word_1_207' title='bbox 615 3656 787 3738; x_wconf 77' lang='lat' dir='ltr'><strong>magisque</strong></span> <span class='ocrx_word' id='word_1_208' title='bbox 800 3654 922 3719; x_wconf 87' lang='lat' dir='ltr'><strong>diserte</strong></span> <span class='ocrx_word' id='word_1_209' title='bbox 938 3657 1090 3721; x_wconf 88' lang='lat' dir='ltr'><strong>elocutus</strong></span> <span class='ocrx_word' id='word_1_210' title='bbox 1112 3660 1175 3732; x_wconf 89' lang='lat' dir='ltr'><strong>est,</strong></span> <span class='ocrx_word' id='word_1_211' title='bbox 1200 3649 1294 3716; x_wconf 86' lang='lat' dir='ltr'><strong>Prae-</strong></span> 
     </span>
     <span class='ocr_line' id='line_1_30' title="bbox 193 3750 1294 3842; baseline -0.002 -23"><span class='ocrx_word' id='word_1_212' title='bbox 193 3761 362 3839; x_wconf 87' lang='lat' dir='ltr'><strong>ceptorem</strong></span> <span class='ocrx_word' id='word_1_213' title='bbox 375 3752 443 3816; x_wconf 84' lang='lat' dir='ltr'><strong>filio</strong></span> <span class='ocrx_word' id='word_1_214' title='bbox 456 3773 635 3838; x_wconf 87' lang='lat' dir='ltr'><strong>exponere,</strong></span> <span class='ocrx_word' id='word_1_215' title='bbox 661 3763 695 3821; x_wconf 89' lang='lat' dir='ltr'><strong>et</strong></span> <span class='ocrx_word' id='word_1_216' title='bbox 719 3757 934 3839; x_wconf 82' lang='lat' dir='ltr'><strong>elegantiores</strong></span> <span class='ocrx_word' id='word_1_217' title='bbox 955 3759 1187 3842; x_wconf 84' lang='lat' dir='ltr'><strong>expressiones</strong></span> <span class='ocrx_word' id='word_1_218' title='bbox 1207 3750 1294 3818; x_wconf 88' lang='lat' dir='ltr'><strong>edis·</strong></span> 
     </span>
     <span class='ocr_line' id='line_1_31' title="bbox 195 3854 1295 3941; baseline -0.004 -19"><span class='ocrx_word' id='word_1_219' title='bbox 195 3854 319 3922; x_wconf 87' lang='lat' dir='ltr'><strong>caudas</strong></span> <span class='ocrx_word' id='word_1_220' title='bbox 334 3857 539 3920; x_wconf 84' lang='lat' dir='ltr'><strong>committere</strong></span> <span class='ocrx_word' id='word_1_221' title='bbox 550 3857 649 3940; x_wconf 90' lang='lat' dir='ltr'><strong>jussi.</strong></span> <span class='ocrx_word' id='word_1_222' title='bbox 694 3859 802 3923; x_wconf 91' lang='lat' dir='ltr'><strong>Simul</strong></span> <span class='ocrx_word' id='word_1_223' title='bbox 830 3861 1043 3925; x_wconf 88' lang='lat' dir='ltr'><strong>occasionem</strong></span> <span class='ocrx_word' id='word_1_224' title='bbox 1068 3868 1199 3941; x_wconf 81' lang='lat' dir='ltr'><strong>semper</strong></span> <span class='ocrx_word' id='word_1_225' title='bbox 1213 3873 1295 3937; x_wconf 86' lang='lat' dir='ltr'><strong>cup·</strong></span> 
     </span>
     <span class='ocr_line' id='line_1_32' title="bbox 193 3953 1295 4046; baseline -0.004 -23"><span class='ocrx_word' id='word_1_226' title='bbox 193 3957 319 4034; x_wconf 78' lang='lat' dir='ltr'><strong>aban,</strong></span> <span class='ocrx_word' id='word_1_227' title='bbox 334 3956 488 4021; x_wconf 86' lang='lat' dir='ltr'><strong>monendi</strong></span> <span class='ocrx_word' id='word_1_228' title='bbox 502 3976 653 4039; x_wconf 90' lang='lat' dir='ltr'><strong>puemm,</strong></span> <span class='ocrx_word' id='word_1_229' title='bbox 668 3959 751 4043; x_wconf 87' lang='lat' dir='ltr'><strong>qnid</strong></span> <span class='ocrx_word' id='word_1_230' title='bbox 764 3961 915 4044; x_wconf 85' lang='lat' dir='ltr'><strong>AEsopus</strong></span> <span class='ocrx_word' id='word_1_231' title='bbox 930 3983 990 4046; x_wconf 85' lang='lat' dir='ltr'><strong>par</strong></span> <span class='ocrx_word' id='word_1_232' title='bbox 1008 3959 1148 4025; x_wconf 85' lang='lat' dir='ltr'><strong>fabellas</strong></span> <span class='ocrx_word' id='word_1_233' title='bbox 1169 3953 1295 4041; x_wconf 83' lang='lat' dir='ltr'><strong>qnaesi-</strong></span> 
     </span>
     <span class='ocr_line' id='line_1_33' title="bbox 195 4058 1294 4143; baseline -0.008 -12"><span class='ocrx_word' id='word_1_234' title='bbox 195 4058 292 4138; x_wconf 79' lang='lat' dir='ltr'><strong>vurit,</strong></span> <span class='ocrx_word' id='word_1_235' title='bbox 321 4062 356 4125; x_wconf 90' lang='lat' dir='ltr'><strong>et</strong></span> <span class='ocrx_word' id='word_1_236' title='bbox 383 4063 540 4142; x_wconf 88' lang='lat' dir='ltr'><strong>quantum</strong></span> <span class='ocrx_word' id='word_1_237' title='bbox 568 4060 611 4126; x_wconf 87' lang='lat' dir='ltr'><strong>ad</strong></span> <span class='ocrx_word' id='word_1_238' title='bbox 637 4081 765 4129; x_wconf 86' lang='lat' dir='ltr'><strong>errores</strong></span> <span class='ocrx_word' id='word_1_239' title='bbox 794 4064 982 4132; x_wconf 84' lang='lat' dir='ltr'><strong>mortalium</strong></span> <span class='ocrx_word' id='word_1_240' title='bbox 1008 4059 1218 4143; x_wconf 78' lang='lat' dir='ltr'><strong>corrigendos</strong></span> <span class='ocrx_word' id='word_1_241' title='bbox 1243 4075 1294 4122; x_wconf 82' lang='lat' dir='ltr'><strong>eac</strong></span> 
     </span>
    </p>
   </div>
   <div class='ocr_carea' id='block_1_13' title="bbox 0 0 1387 4696">
    <p class='ocr_par' dir='ltr' id='par_1_13' title="bbox 0 0 1387 4696">
     <span class='ocr_line' id='line_1_34' title="bbox 0 0 1387 4696; baseline 0 0"><span class='ocrx_word' id='word_1_242' title='bbox 0 0 1387 4696; x_wconf 95' lang='lat' dir='ltr'><strong> </strong></span> 
     </span>
    </p>
   </div>
  </div>
 </body>
</html>
