2714 4696
376 334 574 389 reacarrsus
602 335 818 387 nnrrronurr
844 334 1009 388 annum.
1161 320 1228 388 789

125 491 306 570 merkungen
320 490 461 555 eotbeelt.
470 486 719 570 Hersusgegeben
733 507 791 549 von
806 487 911 549 Ludw.
932 487 1079 550 Hoerstel.
1096 489 1229 570 Leipzig,

125 590 164 650 be
200 590 228 647 D
249 583 298 647 ek.
315 596 344 648 8.

163 610 280 750 y—iynl
292 682 411 746 Phaedri
427 681 603 744 Fabularum
618 663 709 741 Liber
728 699 832 754 novus,
856 701 892 740 ex
909 681 968 738 Ms.
983 678 1061 739 Cod.
1077 678 1229 740 Perottino

127 782 227 860 Regiae
250 781 527 844 bibliothecarum
543 777 669 855 primurn
678 776 774 838 edidit
787 779 804 838 J
809 819 816 838 .
831 782 868 838 Α.
884 775 1028 839 Cassitus.
1048 776 1229 857 Neapoli.-

127 878 218 949 Nibil,
232 887 341 961 praeter
354 876 484 948 titrrlum',
498 875 585 936 nobis
599 875 638 935 de
652 874 710 935 boc
723 875 800 935 libro
814 873 975 954 cognitum.

170 982 248 1045 1809
269 973 386 1034 Pbaedri
400 971 531 1042 Fabulae,
552 970 582 1030 in
615 980 745 1048 quatuor
767 971 859 1033 libros
881 991 918 1031 ex
942 989 1028 1050 aequo
1051 967 1166 1042 divisae,
1189 970 1229 1030 ab

125 1069 204 1129 omni
232 1088 339 1150 genere
362 1065 565 1129 obscaenitatis
587 1074 767 1147 expurgatae,
795 1066 835 1126 ad
856 1067 1077 1146 intelligentiam
1102 1066 1230 1128 tironum

125 1163 348 1226 difficultatibus
368 1163 513 1245 gradatim
534 1163 687 1242 expositis,
717 1182 808 1242 quam
822 1163 1043 1225 accuratissime
1067 1183 1135 1224 cunr
1155 1161 1234 1221 notis

126 1260 254 1321 Gallicis
266 1261 501 1323 accommodare
512 1281 521 1327 r
534 1261 582 1324 cui
591 1258 673 1342 operi
681 1268 869 1321 accesserunt
881 1267 912 1320 et
920 1258 1106 1340 Mythologia
1117 1255 1236 1318 Gallica

128 1357 229 1417 Latine
254 1359 465 1430 convertenda,
487 1368 519 1420 et
536 1358 725 1421 Fontanianrc
739 1356 849 1428 fabulae
866 1377 903 1418 ex
927 1355 1057 1418 Phardro
1079 1354 1235 1416 desumiae.

127 1452 248 1514 Editore
268 1465 299 1515 et
317 1464 436 1516 anctore
462 1456 491 1516 J.
507 1455 537 1515 S.
551 1455 579 1515 J.
595 1454 628 1515 F.
640 1451 833 1514 lioinvilliers.
854 1451 955 1514 'l'ertia
978 1450 1074 1511 editio
1096 1449 1136 1511 nd
1151 1468 1237 1510 usum

128 1549 310 1628 Lycaeorum.
325 1549 453 1620 Parisiis,
461 1549 541 1628 apud
562 1547 706 1610 Delnlain.
721 1555 766 1609 12.

167 1680 209 1690 -
222 1645 340 1705 Phaedri
355 1646 485 1706 Fabulae.
498 1646 696 1718 Hannoverae,
707 1644 788 1726 apud
804 1645 897 1706 Fratr.
911 1643 1009 1705 Habn.
1026 1651 1054 1704 8.

170 1740 262 1810 Quod
285 1740 391 1801 attinet
412 1740 450 1801 ad
481 1739 642 1803 secundam
665 1741 742 1802 banc
766 1749 896 1801 nostram
920 1740 1099 1801 Fabularum
1119 1735 1240 1800 Phaedri

127 1837 299 1910 editionem,
315 1838 387 1900 illud
408 1838 533 1901 maxime
544 1837 722 1910 curavimus,
737 1848 782 1910 ut,
798 1836 898 1917 quoad
919 1836 1071 1916 diligentia
1082 1834 1239 1896 conferen-

128 1933 232 1993 darum
247 1935 346 1995 denuo
361 1944 422 1995 tam
435 1943 577 2007 veterum,
592 1952 681 2014 quarn
694 1935 889 1996 recentiorum
903 1935 1067 1995 editionum
1088 1932 1151 1994 fieri
1168 1952 1239 2012 pos·

129 2040 184 2103 set,
200 2041 313 2091 testum
335 2032 439 2102 Poetae
458 2031 833 2113 quam-emendatissimum
847 2032 1063 2104 exhiberemus,
1077 2030 1241 2093 reformatis

129 2127 278 2199 omnibus,
292 2147 522 2207 quaecumquae
536 2127 710 2204 conjectura
732 2130 830 2187 minus
854 2128 932 2188 felici
956 2129 1058 2188 olima
1078 2128 1165 2186 nobis
1186 2126 1241 2188 ad·

131 2222 221 2284 missa
248 2233 343 2283 erant.
396 2222 636 2283 Exeditionibns
660 2223 873 2284 recentioribus
884 2223 951 2283 inde
981 2224 1021 2283 ab
1050 2242 1127 2283 anno
1154 2220 1241 2292 1786.

131 2319 281 2398 praecipue
295 2319 382 2381 nobis
397 2318 535 2398 profuere
550 2313 774 2381 Desbilloniana
789 2327 822 2380 et
843 2319 1049 2380 Schwabiana.
1082 2318 1246 2404 Αιίιιιιιιιι,Ι

131 2420 332 2496 Anonymnm,
345 2424 377 2476 et
399 2417 433 2476 P.
448 2417 557 2494 Syrum
583 2416 656 2476 tales
671 2425 928 2494 representamus,
949 2416 1053 2494 quales
1074 2415 1138 2492 jam
1163 2434 1243 2477 anno

135 2519 223 2581 1784.
235 2532 252 2572 a
266 2513 352 2572 nobis
366 2511 440 2573 editi
454 2523 550 2585 erant,
564 2513 750 2593 paucissimis
765 2509 971 2573 tautummodo
983 2511 1114 2572 mutatis.
1143 2511 1243 2572 Vitam

131 2607 251 2667 Phaedri
264 2608 468 2685 praemisimus,
484 2627 502 2667 a
524 2609 571 2669 Cl.
595 2610 753 2672 Schwabio
767 2630 803 2670 ex
818 2608 885 2689 ipso
909 2607 1035 2668 Pbaedro
1056 2607 1244 2685 delineatam,

132 2704 280 2762 meliorem
295 2704 513 2783 certioremque
529 2725 589 2764 non
604 2706 761 2768 habentes.
783 2704 917 2765 Iudicem
932 2703 1095 2764 editionum
1109 2702 1246 2766 auximus

130 2811 163 2860 et
178 2796 412 2872 emendavimus,
429 2809 582 2879 praeeunte
608 2801 713 2862 eodem
730 2801 792 2861 viro
815 2800 917 2862 docto.
943 2800 1155 2880 subjunximus
1177 2811 1243 2864 tan-

131 2895 201 2957 dem
217 2915 302 2956 novae
324 2897 394 2956 buic
408 2898 531 2957 editioni
548 2898 639 2959 Dion.
657 2899 780 2959 Catonis
795 2897 931 2959 Disticha
944 2898 983 2958 de
998 2899 1132 2960 Moribus
1146 2900 1185 2960 ad
1196 2900 1245 2962 ri·

132 2992 217 3065 lium,
241 3013 308 3072 quar
322 2994 352 3053 in
371 2993 556 3056 Collectione
574 3002 731 3055 auctorum
752 2994 940 3056 classicorum
965 2993 1125 3074 bipontina
1144 2995 1244 3058 adbuc

135 3088 388 3152 desiderabantur.

445 3316 883 3403 VERSIONES.

508 3523 846 3586 PORTUGALLICA.

182 3675 260 3736 1785
283 3668 409 3730 Fabulae
423 3669 461 3730 de
480 3669 609 3745 Pbedro,
633 3671 806 3735 traduaidas
828 3692 875 3734 em
900 3691 984 3733 uerso
1003 3673 1169 3755 Portuguez
1190 3695 1253 3754 por¹

137 3766 262 3829 Manuel
277 3765 315 3825 de
331 3766 450 3826 Moraes
464 3768 578 3828 Soanas.
595 3767 715 3831 Lisbou.
732 3778 761 3832 8.

507 3951 508 3954 ’
563 3945 808 4010 Hlsrnnrcm.

185 4086 263 4154 1632
285 4089 414 4152 Fabulae
427 4092 550 4155 latinas
571 4095 610 4156 de
630 4095 759 4169 Pbedro,
783 4115 840 4157 con
861 4102 948 4156 notas
972 4115 991 4176 y
1017 4094 1190 4157 traduccion
1210 4113 1247 4153 en

137 4187 318 4261 Castellauo,
332 4207 389 4269 por
404 4191 433 4251 el
447 4190 564 4256 Doctor
578 4195 648 4258 Don
661 4196 738 4258 luen
750 4192 787 4256 de
797 4194 911 4268 Senes,
925 4193 1089 4278 Sacerdote
1106 4192 1156 4253 del
1172 4189 1250 4252 Orn-
