<?xml version="1.0" encoding="UTF-8"?>
<!DOCTYPE html PUBLIC "-//W3C//DTD XHTML 1.0 Transitional//EN"
    "http://www.w3.org/TR/xhtml1/DTD/xhtml1-transitional.dtd">
<html xmlns="http://www.w3.org/1999/xhtml" xml:lang="en" lang="en">
 <head>
  <title>
</title>
<meta http-equiv="Content-Type" content="text/html;charset=utf-8" />
  <meta name='ocr-system' content='tesseract 3.04.00' />
  <meta name='ocr-capabilities' content='ocr_page ocr_carea ocr_par ocr_line ocrx_word'/>
</head>
<body>
  <div class='ocr_page' id='page_1' title='image "./phaedriaugustil01phaegoog_0622.png"; bbox 0 0 2714 4696; ppageno 0'>
   <div class='ocr_carea' id='block_1_1' title="bbox 293 298 1226 366">
    <p class='ocr_par' dir='ltr' id='par_1_1' title="bbox 293 298 1226 366">
     <span class='ocr_line' id='line_1_1' title="bbox 293 298 1226 366; baseline 0.002 -2"><span class='ocrx_word' id='word_1_1' title='bbox 293 314 443 366; x_wconf 72' lang='lat' dir='ltr'><strong>euentu</strong></span> <span class='ocrx_word' id='word_1_2' title='bbox 470 312 553 365; x_wconf 75' lang='lat' dir='ltr'><strong>run.</strong></span> <span class='ocrx_word' id='word_1_3' title='bbox 577 312 810 366; x_wconf 74' lang='lat' dir='ltr'><strong>esoetsnuu</strong></span> <span class='ocrx_word' id='word_1_4' title='bbox 829 311 902 364; x_wconf 78' lang='lat' dir='ltr'><strong>nte.</strong></span> <span class='ocrx_word' id='word_1_5' title='bbox 927 315 977 362; x_wconf 80' lang='lat' dir='ltr'><strong>tv.</strong></span> <span class='ocrx_word' id='word_1_6' title='bbox 1000 298 1054 364; x_wconf 78' lang='lat'><strong>12.</strong></span> <span class='ocrx_word' id='word_1_7' title='bbox 1159 298 1226 366; x_wconf 77' lang='lat'><strong>607</strong></span> 
     </span>
    </p>
   </div>
   <div class='ocr_carea' id='block_1_2' title="bbox 124 455 1231 2339">
    <p class='ocr_par' dir='ltr' id='par_1_2' title="bbox 124 455 1231 2339">
     <span class='ocr_line' id='line_1_2' title="bbox 125 455 1228 523; baseline 0 -14"><span class='ocrx_word' id='word_1_8' title='bbox 125 456 195 509; x_wconf 80' lang='lat' dir='ltr'><strong>nesti</strong></span> <span class='ocrx_word' id='word_1_9' title='bbox 215 465 358 522; x_wconf 85' lang='lat' dir='ltr'><strong>respectos,</strong></span> <span class='ocrx_word' id='word_1_10' title='bbox 380 464 546 508; x_wconf 76' lang='lat' dir='ltr'>contemnere</span> <span class='ocrx_word' id='word_1_11' title='bbox 566 471 596 506; x_wconf 88' lang='lat' dir='ltr'><strong>se</strong></span> <span class='ocrx_word' id='word_1_12' title='bbox 614 456 659 507; x_wconf 87' lang='lat' dir='ltr'><strong>llls</strong></span> <span class='ocrx_word' id='word_1_13' title='bbox 694 459 890 523; x_wconf 74' lang='lat' dir='ltr'><strong>inscriptionem</strong></span> <span class='ocrx_word' id='word_1_14' title='bbox 908 459 960 510; x_wconf 82' lang='lat' dir='ltr'><strong>leb.</strong></span> <span class='ocrx_word' id='word_1_15' title='bbox 983 464 1024 510; x_wconf 78' lang='lat'><strong>6⁶.</strong></span> <span class='ocrx_word' id='word_1_16' title='bbox 1045 461 1085 509; x_wconf 77' lang='lat'><strong>8⁵.</strong></span> <span class='ocrx_word' id='word_1_17' title='bbox 1104 463 1132 509; x_wconf 86' lang='lat' dir='ltr'><strong>et</strong></span> <span class='ocrx_word' id='word_1_18' title='bbox 1154 455 1228 521; x_wconf 80' lang='lat' dir='ltr'><strong>elias,</strong></span> 
     </span>
     <span class='ocr_line' id='line_1_3' title="bbox 126 532 1229 600; baseline 0.001 -18"><span class='ocrx_word' id='word_1_19' title='bbox 126 532 340 597; x_wconf 79' lang='lat' dir='ltr'><strong>poeseostsndet</strong></span> <span class='ocrx_word' id='word_1_20' title='bbox 374 535 409 583; x_wconf 86' lang='lat' dir='ltr'><strong>Et</strong></span> <span class='ocrx_word' id='word_1_21' title='bbox 428 534 480 596; x_wconf 86' lang='lat' dir='ltr'><strong>dic,</strong></span> <span class='ocrx_word' id='word_1_22' title='bbox 497 532 658 595; x_wconf 77' lang='lat' dir='ltr'><strong>sodes,bons</strong></span> <span class='ocrx_word' id='word_1_23' title='bbox 694 536 763 586; x_wconf 89' lang='lat' dir='ltr'><strong>nude</strong></span> <span class='ocrx_word' id='word_1_24' title='bbox 780 550 828 587; x_wconf 87' lang='lat' dir='ltr'><strong>nec</strong></span> <span class='ocrx_word' id='word_1_25' title='bbox 851 538 930 586; x_wconf 85' lang='lat' dir='ltr'><strong>ullam</strong></span> <span class='ocrx_word' id='word_1_26' title='bbox 950 534 1148 600; x_wconf 75' lang='lat' dir='ltr'><strong>inscriptionum</strong></span> <span class='ocrx_word' id='word_1_27' title='bbox 1166 534 1229 583; x_wconf 83' lang='lat' dir='ltr'><strong>ista-</strong></span> 
     </span>
     <span class='ocr_line' id='line_1_4' title="bbox 126 609 1228 674; baseline 0.002 -16"><span class='ocrx_word' id='word_1_28' title='bbox 126 609 189 658; x_wconf 87' lang='lat' dir='ltr'><strong>tide.</strong></span> <span class='ocrx_word' id='word_1_29' title='bbox 208 659 210 662; x_wconf 73' lang='grc'>,</span> <span class='ocrx_word' id='word_1_30' title='bbox 222 609 297 659; x_wconf 87' lang='lat' dir='ltr'><strong>Iisne</strong></span> <span class='ocrx_word' id='word_1_31' title='bbox 309 610 431 659; x_wconf 87' lang='lat' dir='ltr'><strong>videntur</strong></span> <span class='ocrx_word' id='word_1_32' title='bbox 443 610 492 658; x_wconf 83' lang='lat' dir='ltr'><strong>tibi</strong></span> <span class='ocrx_word' id='word_1_33' title='bbox 506 624 561 674; x_wconf 90' lang='lat' dir='ltr'><strong>opes</strong></span> <span class='ocrx_word' id='word_1_34' title='bbox 575 610 659 658; x_wconf 70' lang='lat' dir='ltr'><strong>leona</strong></span> <span class='ocrx_word' id='word_1_35' title='bbox 695 627 750 662; x_wconf 86' lang='lat' dir='ltr'><strong>rum</strong></span> <span class='ocrx_word' id='word_1_36' title='bbox 760 613 887 663; x_wconf 85' lang='lat' dir='ltr'><strong>rationem</strong></span> <span class='ocrx_word' id='word_1_37' title='bbox 898 611 1041 662; x_wconf 80' lang='lat' dir='ltr'><strong>habendam</strong></span> <span class='ocrx_word' id='word_1_38' title='bbox 1053 611 1151 661; x_wconf 87' lang='lat' dir='ltr'><strong>censui.</strong></span> <span class='ocrx_word' id='word_1_39' title='bbox 1176 611 1228 660; x_wconf 84' lang='lat' dir='ltr'><strong>lie·</strong></span> 
     </span>
     <span class='ocr_line' id='line_1_5' title="bbox 126 683 1229 753; baseline 0.003 -19"><span class='ocrx_word' id='word_1_40' title='bbox 126 683 231 735; x_wconf 80' lang='lat' dir='ltr'><strong>merito?</strong></span> <span class='ocrx_word' id='word_1_41' title='bbox 245 685 323 734; x_wconf 72' lang='lat' dir='ltr'><strong>Erras</strong></span> <span class='ocrx_word' id='word_1_42' title='bbox 336 684 469 748; x_wconf 81' lang='lat' dir='ltr'><strong>prosecto;</strong></span> <span class='ocrx_word' id='word_1_43' title='bbox 483 692 512 735; x_wconf 92' lang='lat' dir='ltr'><strong>ut</strong></span> <span class='ocrx_word' id='word_1_44' title='bbox 523 683 585 733; x_wconf 87' lang='lat' dir='ltr'><strong>etin</strong></span> <span class='ocrx_word' id='word_1_45' title='bbox 597 685 659 735; x_wconf 87' lang='lat' dir='ltr'><strong>lem·</strong></span> <span class='ocrx_word' id='word_1_46' title='bbox 694 688 789 753; x_wconf 83' lang='lat' dir='ltr'><strong>liquem</strong></span> <span class='ocrx_word' id='word_1_47' title='bbox 802 689 993 738; x_wconf 74' lang='lat' dir='ltr'><strong>accusationem</strong></span> <span class='ocrx_word' id='word_1_48' title='bbox 1005 686 1110 736; x_wconf 80' lang='lat' dir='ltr'><strong>Phsedri</strong></span> <span class='ocrx_word' id='word_1_49' title='bbox 1121 686 1229 750; x_wconf 87' lang='lat' dir='ltr'><strong>dispun-</strong></span> 
     </span>
     <span class='ocr_line' id='line_1_6' title="bbox 126 758 1227 828; baseline 0.002 -19"><span class='ocrx_word' id='word_1_50' title='bbox 126 767 207 823; x_wconf 84' lang='lat' dir='ltr'><strong>mete‚</strong></span> <span class='ocrx_word' id='word_1_51' title='bbox 215 775 266 826; x_wconf 87' lang='lat' dir='ltr'><strong>qno</strong></span> <span class='ocrx_word' id='word_1_52' title='bbox 274 763 348 810; x_wconf 77' lang='lat' dir='ltr'><strong>malm</strong></span> <span class='ocrx_word' id='word_1_53' title='bbox 358 775 416 810; x_wconf 85' lang='lat' dir='ltr'><strong>esse</strong></span> <span class='ocrx_word' id='word_1_54' title='bbox 427 760 570 811; x_wconf 90' lang='lat' dir='ltr'><strong>contendis.</strong></span> <span class='ocrx_word' id='word_1_55' title='bbox 588 758 658 810; x_wconf 76' lang='lat' dir='ltr'><strong>unu</strong></span> <span class='ocrx_word' id='word_1_56' title='bbox 694 770 740 828; x_wconf 76' lang='lat' dir='ltr'><strong>get</strong></span> <span class='ocrx_word' id='word_1_57' title='bbox 751 773 811 814; x_wconf 83' lang='lat' dir='ltr'><strong>note</strong></span> <span class='ocrx_word' id='word_1_58' title='bbox 821 764 852 814; x_wconf 90' lang='lat' dir='ltr'><strong>ad</strong></span> <span class='ocrx_word' id='word_1_59' title='bbox 867 769 908 814; x_wconf 81' lang='lat' dir='ltr'><strong>tt.</strong></span> <span class='ocrx_word' id='word_1_60' title='bbox 918 770 942 813; x_wconf 79' lang='lat'><strong>5.</strong></span> <span class='ocrx_word' id='word_1_61' title='bbox 966 763 1074 813; x_wconf 64' lang='lat' dir='ltr'><strong>fretus</strong></span> <span class='ocrx_word' id='word_1_62' title='bbox 1107 763 1172 815; x_wconf 79' lang='lat' dir='ltr'><strong>Quae</strong></span> <span class='ocrx_word' id='word_1_63' title='bbox 1184 762 1227 811; x_wconf 86' lang='lat' dir='ltr'><strong>hic</strong></span> 
     </span>
     <span class='ocr_line' id='line_1_7' title="bbox 126 836 1227 903; baseline 0.001 -19"><span class='ocrx_word' id='word_1_64' title='bbox 126 850 214 885; x_wconf 81' lang='lat' dir='ltr'><strong>veram</strong></span> <span class='ocrx_word' id='word_1_65' title='bbox 234 851 332 886; x_wconf 82' lang='lat' dir='ltr'><strong>rocem.</strong></span> <span class='ocrx_word' id='word_1_66' title='bbox 380 837 439 886; x_wconf 89' lang='lat' dir='ltr'><strong>Non</strong></span> <span class='ocrx_word' id='word_1_67' title='bbox 461 837 560 885; x_wconf 75' lang='lat' dir='ltr'><strong>divitiae</strong></span> <span class='ocrx_word' id='word_1_68' title='bbox 583 836 658 886; x_wconf 71' lang='lat' dir='ltr'><strong>muln</strong></span> <span class='ocrx_word' id='word_1_69' title='bbox 694 839 823 889; x_wconf 86' lang='lat' dir='ltr'><strong>Meursins</strong></span> <span class='ocrx_word' id='word_1_70' title='bbox 850 840 967 903; x_wconf 82' lang='lat' dir='ltr'><strong>disputet</strong></span> <span class='ocrx_word' id='word_1_71' title='bbox 995 845 1086 887; x_wconf 83' lang='lat' dir='ltr'><strong>contre</strong></span> <span class='ocrx_word' id='word_1_72' title='bbox 1117 837 1227 900; x_wconf 85' lang='lat' dir='ltr'><strong>philoso-</strong></span> 
     </span>
     <span class='ocr_line' id='line_1_8' title="bbox 126 911 1228 980; baseline 0.002 -21"><span class='ocrx_word' id='word_1_73' title='bbox 126 911 386 977; x_wconf 83' lang='lat' dir='ltr'><strong>sunt,sedmnli,qni</strong></span> <span class='ocrx_word' id='word_1_74' title='bbox 399 912 657 961; x_wconf 83' lang='lat' dir='ltr'><strong>illismnieutuntur.</strong></span> <span class='ocrx_word' id='word_1_75' title='bbox 695 915 780 980; x_wconf 81' lang='lat' dir='ltr'><strong>phiam</strong></span> <span class='ocrx_word' id='word_1_76' title='bbox 802 915 902 978; x_wconf 86' lang='lat' dir='ltr'><strong>Nostri,</strong></span> <span class='ocrx_word' id='word_1_77' title='bbox 925 927 1029 978; x_wconf 86' lang='lat' dir='ltr'><strong>prorsus</strong></span> <span class='ocrx_word' id='word_1_78' title='bbox 1051 912 1137 962; x_wconf 85' lang='lat' dir='ltr'><strong>aliene</strong></span> <span class='ocrx_word' id='word_1_79' title='bbox 1158 918 1228 974; x_wconf 89' lang='lat' dir='ltr'><strong>sunt,</strong></span> 
     </span>
     <span class='ocr_line' id='line_1_9' title="bbox 127 986 1225 1052; baseline 0.002 -16"><span class='ocrx_word' id='word_1_80' title='bbox 127 986 271 1050; x_wconf 78' lang='lat' dir='ltr'><strong>Praetereo,</strong></span> <span class='ocrx_word' id='word_1_81' title='bbox 279 997 308 1037; x_wconf 93' lang='lat' dir='ltr'><strong>nt</strong></span> <span class='ocrx_word' id='word_1_82' title='bbox 317 1003 395 1052; x_wconf 84' lang='lat' dir='ltr'><strong>porro</strong></span> <span class='ocrx_word' id='word_1_83' title='bbox 405 989 451 1039; x_wconf 84' lang='lat' dir='ltr'><strong>tibi</strong></span> <span class='ocrx_word' id='word_1_84' title='bbox 462 1002 575 1038; x_wconf 85' lang='lat' dir='ltr'><strong>errorem</strong></span> <span class='ocrx_word' id='word_1_85' title='bbox 585 994 657 1037; x_wconf 87' lang='lat' dir='ltr'><strong>tunm</strong></span> <span class='ocrx_word' id='word_1_86' title='bbox 693 1005 742 1041; x_wconf 86' lang='lat' dir='ltr'><strong>nec</strong></span> <span class='ocrx_word' id='word_1_87' title='bbox 759 992 837 1042; x_wconf 87' lang='lat' dir='ltr'><strong>scribi</strong></span> <span class='ocrx_word' id='word_1_88' title='bbox 860 1007 876 1041; x_wconf 81' lang='grc' dir='ltr'>ι</span> <span class='ocrx_word' id='word_1_89' title='bbox 897 997 971 1041; x_wconf 88' lang='lat' dir='ltr'><strong>tanto</strong></span> <span class='ocrx_word' id='word_1_90' title='bbox 992 989 1048 1040; x_wconf 83' lang='lat' dir='ltr'><strong>viro</strong></span> <span class='ocrx_word' id='word_1_91' title='bbox 1069 989 1225 1039; x_wconf 87' lang='lat' dir='ltr'><strong>debuerunt.</strong></span> 
     </span>
     <span class='ocr_line' id='line_1_10' title="bbox 126 1062 1229 1129; baseline 0.002 -18"><span class='ocrx_word' id='word_1_92' title='bbox 126 1062 291 1114; x_wconf 81' lang='lat' dir='ltr'><strong>manifestum</strong></span> <span class='ocrx_word' id='word_1_93' title='bbox 303 1063 412 1114; x_wconf 82' lang='lat' dir='ltr'><strong>seciam:</strong></span> <span class='ocrx_word' id='word_1_94' title='bbox 430 1064 559 1114; x_wconf 81' lang='lat' dir='ltr'><strong>Hercules</strong></span> <span class='ocrx_word' id='word_1_95' title='bbox 570 1063 614 1112; x_wconf 89' lang='lat' dir='ltr'><strong>ilie</strong></span> <span class='ocrx_word' id='word_1_96' title='bbox 630 1063 657 1112; x_wconf 90' lang='lat' dir='ltr'><strong>in</strong></span> <span class='ocrx_word' id='word_1_97' title='bbox 694 1065 775 1127; x_wconf 76' lang='lat' dir='ltr'><strong>Soles.</strong></span> <span class='ocrx_word' id='word_1_98' title='bbox 806 1067 909 1116; x_wconf 87' lang='lat' dir='ltr'><strong>Sallust.</strong></span> <span class='ocrx_word' id='word_1_99' title='bbox 922 1066 955 1115; x_wconf 87' lang='lat' dir='ltr'><strong>de</strong></span> <span class='ocrx_word' id='word_1_100' title='bbox 967 1066 1034 1129; x_wconf 84' lang='lat' dir='ltr'><strong>Rep.</strong></span> <span class='ocrx_word' id='word_1_101' title='bbox 1047 1065 1095 1115; x_wconf 87' lang='lat' dir='ltr'><strong>Or.</strong></span> <span class='ocrx_word' id='word_1_102' title='bbox 1108 1077 1129 1113; x_wconf 89' lang='grc' dir='ltr'><strong>ι.</strong></span> <span class='ocrx_word' id='word_1_103' title='bbox 1144 1063 1229 1114; x_wconf 83' lang='lat' dir='ltr'><strong>‘Orn-</strong></span> 
     </span>
     <span class='ocr_line' id='line_1_11' title="bbox 128 1138 1230 1204; baseline 0.002 -16"><span class='ocrx_word' id='word_1_104' title='bbox 128 1144 174 1188; x_wconf 84' lang='lat' dir='ltr'><strong>tua</strong></span> <span class='ocrx_word' id='word_1_105' title='bbox 192 1138 289 1189; x_wconf 75' lang='lat' dir='ltr'><strong>inbelle</strong></span> <span class='ocrx_word' id='word_1_106' title='bbox 305 1154 355 1190; x_wconf 93' lang='lat' dir='ltr'><strong>non</strong></span> <span class='ocrx_word' id='word_1_107' title='bbox 372 1140 436 1190; x_wconf 89' lang='lat' dir='ltr'><strong>dicit</strong></span> <span class='ocrx_word' id='word_1_108' title='bbox 451 1140 536 1189; x_wconf 85' lang='lat' dir='ltr'><strong>odisse</strong></span> <span class='ocrx_word' id='word_1_109' title='bbox 553 1154 582 1189; x_wconf 88' lang='lat' dir='ltr'><strong>se</strong></span> <span class='ocrx_word' id='word_1_110' title='bbox 594 1138 675 1193; x_wconf 78' lang='lat' dir='ltr'><strong>diri·,</strong></span> <span class='ocrx_word' id='word_1_111' title='bbox 694 1157 739 1193; x_wconf 87' lang='lat' dir='ltr'><strong>nes</strong></span> <span class='ocrx_word' id='word_1_112' title='bbox 758 1143 869 1192; x_wconf 82' lang='lat' dir='ltr'><strong>victores</strong></span> <span class='ocrx_word' id='word_1_113' title='bbox 885 1141 990 1192; x_wconf 83' lang='lat' dir='ltr'><strong>divitias</strong></span> <span class='ocrx_word' id='word_1_114' title='bbox 1001 1145 1230 1204; x_wconf 79' lang='lat' dir='ltr'><strong>contempserunt,</strong></span> 
     </span>
     <span class='ocr_line' id='line_1_12' title="bbox 127 1214 1228 1282; baseline 0.001 -18"><span class='ocrx_word' id='word_1_115' title='bbox 127 1214 188 1276; x_wconf 87' lang='lat' dir='ltr'><strong>tias,</strong></span> <span class='ocrx_word' id='word_1_116' title='bbox 199 1215 245 1264; x_wconf 84' lang='lat' dir='ltr'><strong>scd</strong></span> <span class='ocrx_word' id='word_1_117' title='bbox 256 1214 363 1265; x_wconf 88' lang='lat' dir='ltr'><strong>divitem</strong></span> <span class='ocrx_word' id='word_1_118' title='bbox 379 1223 569 1280; x_wconf 87' lang='lat' dir='ltr'><strong>corruptorem.</strong></span> <span class='ocrx_word' id='word_1_119' title='bbox 597 1215 657 1265; x_wconf 79' lang='lat' dir='ltr'><strong>noo</strong></span> <span class='ocrx_word' id='word_1_120' title='bbox 695 1218 796 1270; x_wconf 86' lang='lat' dir='ltr'><strong>etvlcti</strong></span> <span class='ocrx_word' id='word_1_121' title='bbox 807 1216 977 1282; x_wconf 79' lang='lat' dir='ltr'><strong>enpiremnt’</strong></span> <span class='ocrx_word' id='word_1_122' title='bbox 994 1216 1107 1281; x_wconf 77' lang='lat' dir='ltr'><strong>Ergone,</strong></span> <span class='ocrx_word' id='word_1_123' title='bbox 1116 1215 1228 1280; x_wconf 84' lang='lat' dir='ltr'><strong>inquies,</strong></span> 
     </span>
     <span class='ocr_line' id='line_1_13' title="bbox 126 1289 1228 1360; baseline 0 -21"><span class='ocrx_word' id='word_1_124' title='bbox 126 1291 263 1341; x_wconf 77' lang='lat' dir='ltr'><strong>attendere</strong></span> <span class='ocrx_word' id='word_1_125' title='bbox 272 1291 544 1355; x_wconf 84' lang='lat' dir='ltr'><strong>debueras‚etiemma</strong></span> <span class='ocrx_word' id='word_1_126' title='bbox 555 1289 657 1341; x_wconf 82' lang='lat' dir='ltr'><strong>fecere:</strong></span> <span class='ocrx_word' id='word_1_127' title='bbox 695 1310 748 1360; x_wconf 88' lang='lat' dir='ltr'><strong>opes</strong></span> <span class='ocrx_word' id='word_1_128' title='bbox 763 1295 846 1343; x_wconf 74' lang='lat' dir='ltr'><strong>luniso</strong></span> <span class='ocrx_word' id='word_1_129' title='bbox 861 1294 954 1355; x_wconf 77' lang='lat' dir='ltr'><strong>merito,</strong></span> <span class='ocrx_word' id='word_1_130' title='bbox 963 1299 1009 1342; x_wconf 88' lang='lat' dir='ltr'><strong>ant</strong></span> <span class='ocrx_word' id='word_1_131' title='bbox 1025 1296 1160 1342; x_wconf 87' lang='lat' dir='ltr'><strong>contemtu</strong></span> <span class='ocrx_word' id='word_1_132' title='bbox 1172 1290 1228 1354; x_wconf 76' lang='lat' dir='ltr'><strong>dig·</strong></span> 
     </span>
     <span class='ocr_line' id='line_1_14' title="bbox 127 1365 1227 1432; baseline -0.001 -17"><span class='ocrx_word' id='word_1_133' title='bbox 127 1366 210 1415; x_wconf 74' lang='lat' dir='ltr'><strong>Molos</strong></span> <span class='ocrx_word' id='word_1_134' title='bbox 228 1381 277 1416; x_wconf 84' lang='lat' dir='ltr'><strong>esse</strong></span> <span class='ocrx_word' id='word_1_135' title='bbox 295 1368 448 1430; x_wconf 64' lang='lat' dir='ltr'><strong>corruptelas.</strong></span> <span class='ocrx_word' id='word_1_136' title='bbox 472 1367 571 1415; x_wconf 83' lang='lat' dir='ltr'><strong>Meum.</strong></span> <span class='ocrx_word' id='word_1_137' title='bbox 605 1365 658 1416; x_wconf 83' lang='lat' dir='ltr'><strong>Sed</strong></span> <span class='ocrx_word' id='word_1_138' title='bbox 696 1371 756 1420; x_wconf 73' lang='lat' dir='ltr'><strong>nm?</strong></span> <span class='ocrx_word' id='word_1_139' title='bbox 775 1370 890 1419; x_wconf 87' lang='lat' dir='ltr'><strong>Primum</strong></span> <span class='ocrx_word' id='word_1_140' title='bbox 902 1367 971 1426; x_wconf 90' lang='lat' dir='ltr'><strong>dico,</strong></span> <span class='ocrx_word' id='word_1_141' title='bbox 981 1368 1048 1432; x_wconf 89' lang='lat' dir='ltr'><strong>qnod</strong></span> <span class='ocrx_word' id='word_1_142' title='bbox 1060 1373 1227 1416; x_wconf 83' lang='lat' dir='ltr'><strong>contemnere</strong></span> 
     </span>
     <span class='ocr_line' id='line_1_15' title="bbox 126 1439 1228 1507; baseline -0.006 -11"><span class='ocrx_word' id='word_1_143' title='bbox 126 1456 190 1491; x_wconf 71' lang='lat' dir='ltr'><strong>une</strong></span> <span class='ocrx_word' id='word_1_144' title='bbox 212 1442 352 1491; x_wconf 74' lang='lat' dir='ltr'><strong>Phaedrum</strong></span> <span class='ocrx_word' id='word_1_145' title='bbox 372 1440 490 1491; x_wconf 76' lang='lat' dir='ltr'><strong>defendit</strong></span> <span class='ocrx_word' id='word_1_146' title='bbox 512 1439 660 1490; x_wconf 69' lang='lat' dir='ltr'><strong>Oumndri</strong></span> <span class='ocrx_word' id='word_1_147' title='bbox 696 1448 738 1496; x_wconf 81' lang='lat' dir='ltr'><strong>rel</strong></span> <span class='ocrx_word' id='word_1_148' title='bbox 750 1445 833 1494; x_wconf 84' lang='lat' dir='ltr'><strong>odisse</strong></span> <span class='ocrx_word' id='word_1_149' title='bbox 848 1458 919 1507; x_wconf 77' lang='lat' dir='ltr'><strong>sepe</strong></span> <span class='ocrx_word' id='word_1_150' title='bbox 930 1449 981 1505; x_wconf 86' lang='lat' dir='ltr'><strong>est,</strong></span> <span class='ocrx_word' id='word_1_151' title='bbox 992 1456 1044 1491; x_wconf 91' lang='lat' dir='ltr'><strong>non</strong></span> <span class='ocrx_word' id='word_1_152' title='bbox 1056 1441 1159 1491; x_wconf 86' lang='lat' dir='ltr'><strong>nimium</strong></span> <span class='ocrx_word' id='word_1_153' title='bbox 1172 1454 1228 1489; x_wconf 87' lang='lat' dir='ltr'><strong>sec-</strong></span> 
     </span>
     <span class='ocr_line' id='line_1_16' title="bbox 125 1515 1229 1583; baseline -0.004 -15"><span class='ocrx_word' id='word_1_154' title='bbox 125 1518 238 1579; x_wconf 88' lang='lat' dir='ltr'><strong>dictnm‚</strong></span> <span class='ocrx_word' id='word_1_155' title='bbox 250 1519 361 1568; x_wconf 71' lang='lat' dir='ltr'><strong>relatum</strong></span> <span class='ocrx_word' id='word_1_156' title='bbox 377 1519 528 1582; x_wconf 77' lang='lat' dir='ltr'><strong>eliigaltlo,</strong></span> <span class='ocrx_word' id='word_1_157' title='bbox 540 1532 574 1567; x_wconf 83' lang='lat' dir='ltr'><strong>ex</strong></span> <span class='ocrx_word' id='word_1_158' title='bbox 591 1518 661 1569; x_wconf 74' lang='lat' dir='ltr'><strong>Stre·</strong></span> <span class='ocrx_word' id='word_1_159' title='bbox 698 1521 764 1581; x_wconf 88' lang='lat' dir='ltr'><strong>tari;</strong></span> <span class='ocrx_word' id='word_1_160' title='bbox 788 1526 818 1569; x_wconf 90' lang='lat' dir='ltr'><strong>nt</strong></span> <span class='ocrx_word' id='word_1_161' title='bbox 839 1524 988 1583; x_wconf 84' lang='lat' dir='ltr'><strong>opponatur</strong></span> <span class='ocrx_word' id='word_1_162' title='bbox 1008 1517 1136 1568; x_wconf 82' lang='lat' dir='ltr'><strong>avaritiae.</strong></span> <span class='ocrx_word' id='word_1_163' title='bbox 1176 1515 1229 1568; x_wconf 81' lang='lat' dir='ltr'><strong>Qui</strong></span> 
     </span>
     <span class='ocr_line' id='line_1_17' title="bbox 124 1591 1228 1658; baseline -0.003 -13"><span class='ocrx_word' id='word_1_164' title='bbox 124 1603 182 1657; x_wconf 79' lang='lat' dir='ltr'><strong>teg.</strong></span> <span class='ocrx_word' id='word_1_165' title='bbox 194 1609 252 1658; x_wconf 87' lang='lat' dir='ltr'><strong>cap.</strong></span> <span class='ocrx_word' id='word_1_166' title='bbox 265 1600 289 1644; x_wconf 91' lang='lat'><strong>1.</strong></span> <span class='ocrx_word' id='word_1_167' title='bbox 324 1597 417 1658; x_wconf 82' lang='lat' dir='ltr'>Neque</span> <span class='ocrx_word' id='word_1_168' title='bbox 426 1595 505 1644; x_wconf 88' lang='lat' dir='ltr'><strong>etiarn</strong></span> <span class='ocrx_word' id='word_1_169' title='bbox 517 1593 662 1657; x_wconf 78' lang='lat' dir='ltr'><strong>dubitetur,</strong></span> <span class='ocrx_word' id='word_1_170' title='bbox 697 1610 759 1644; x_wconf 83' lang='lat' dir='ltr'><strong>uero</strong></span> <span class='ocrx_word' id='word_1_171' title='bbox 775 1595 807 1644; x_wconf 87' lang='lat' dir='ltr'><strong>ad</strong></span> <span class='ocrx_word' id='word_1_172' title='bbox 826 1597 895 1645; x_wconf 87' lang='lat' dir='ltr'><strong>hune</strong></span> <span class='ocrx_word' id='word_1_173' title='bbox 913 1593 1016 1645; x_wconf 87' lang='lat' dir='ltr'><strong>modurn</strong></span> <span class='ocrx_word' id='word_1_174' title='bbox 1028 1594 1084 1658; x_wconf 91' lang='lat' dir='ltr'><strong>ipse</strong></span> <span class='ocrx_word' id='word_1_175' title='bbox 1096 1606 1124 1643; x_wconf 83' lang='lat' dir='ltr'><strong>se</strong></span> <span class='ocrx_word' id='word_1_176' title='bbox 1136 1591 1228 1654; x_wconf 83' lang='lat' dir='ltr'><strong>vincit,</strong></span> 
     </span>
     <span class='ocr_line' id='line_1_18' title="bbox 124 1669 1229 1736; baseline -0.005 -14"><span class='ocrx_word' id='word_1_177' title='bbox 124 1673 196 1722; x_wconf 89' lang='lat' dir='ltr'><strong>dites</strong></span> <span class='ocrx_word' id='word_1_178' title='bbox 223 1679 253 1721; x_wconf 90' lang='lat' dir='ltr'><strong>ut</strong></span> <span class='ocrx_word' id='word_1_179' title='bbox 286 1673 422 1736; x_wconf 86' lang='lat' dir='ltr'><strong>plurimum</strong></span> <span class='ocrx_word' id='word_1_180' title='bbox 448 1671 565 1722; x_wconf 86' lang='lat' dir='ltr'><strong>imbelles</strong></span> <span class='ocrx_word' id='word_1_181' title='bbox 594 1678 661 1722; x_wconf 87' lang='lat' dir='ltr'><strong>esso.</strong></span> <span class='ocrx_word' id='word_1_182' title='bbox 697 1671 907 1736; x_wconf 72' lang='lat' dir='ltr'><strong>cupiditatesque</strong></span> <span class='ocrx_word' id='word_1_183' title='bbox 918 1685 976 1720; x_wconf 82' lang='lat' dir='ltr'><strong>sues</strong></span> <span class='ocrx_word' id='word_1_184' title='bbox 987 1669 1113 1731; x_wconf 82' lang='lat' dir='ltr'><strong>refrenet,</strong></span> <span class='ocrx_word' id='word_1_185' title='bbox 1124 1682 1154 1718; x_wconf 85' lang='lat' dir='ltr'><strong>sc</strong></span> <span class='ocrx_word' id='word_1_186' title='bbox 1165 1680 1229 1731; x_wconf 82' lang='lat' dir='ltr'><strong>ptu-</strong></span> 
     </span>
     <span class='ocr_line' id='line_1_19' title="bbox 126 1741 1230 1812; baseline -0.006 -15"><span class='ocrx_word' id='word_1_187' title='bbox 126 1749 136 1777; x_wconf 85' lang='lat'>‘</span> <span class='ocrx_word' id='word_1_188' title='bbox 150 1747 255 1798; x_wconf 80' lang='lat' dir='ltr'><strong>Quanto</strong></span> <span class='ocrx_word' id='word_1_189' title='bbox 264 1748 374 1810; x_wconf 85' lang='lat' dir='ltr'><strong>pecunia</strong></span> <span class='ocrx_word' id='word_1_190' title='bbox 386 1747 464 1809; x_wconf 83' lang='lat' dir='ltr'><strong>dites,</strong></span> <span class='ocrx_word' id='word_1_191' title='bbox 477 1753 505 1797; x_wconf 86' lang='lat' dir='ltr'><strong>et</strong></span> <span class='ocrx_word' id='word_1_192' title='bbox 521 1747 675 1809; x_wconf 49' lang='lat' dir='ltr'><strong>voluptati?</strong></span> <span class='ocrx_word' id='word_1_193' title='bbox 697 1753 827 1812; x_wconf 74' lang='lat' dir='ltr'><strong>pertatem</strong></span> <span class='ocrx_word' id='word_1_194' title='bbox 847 1747 957 1797; x_wconf 89' lang='lat' dir='ltr'><strong>sustinet</strong></span> <span class='ocrx_word' id='word_1_195' title='bbox 974 1745 1111 1810; x_wconf 80' lang='lat' dir='ltr'><strong>potientis,</strong></span> <span class='ocrx_word' id='word_1_196' title='bbox 1122 1757 1170 1793; x_wconf 87' lang='lat' dir='ltr'><strong>cnr</strong></span> <span class='ocrx_word' id='word_1_197' title='bbox 1181 1741 1230 1791; x_wconf 83' lang='lat' dir='ltr'><strong>viri</strong></span> 
     </span>
     <span class='ocr_line' id='line_1_20' title="bbox 126 1821 1228 1886; baseline -0.005 -14"><span class='ocrx_word' id='word_1_198' title='bbox 126 1822 176 1872; x_wconf 88' lang='lat' dir='ltr'><strong>bus</strong></span> <span class='ocrx_word' id='word_1_199' title='bbox 187 1823 334 1886; x_wconf 87' lang='lat' dir='ltr'><strong>opulentos,</strong></span> <span class='ocrx_word' id='word_1_200' title='bbox 345 1830 419 1872; x_wconf 80' lang='lat' dir='ltr'><strong>tanto</strong></span> <span class='ocrx_word' id='word_1_201' title='bbox 431 1821 661 1885; x_wconf 79' lang='lat' dir='ltr'><strong>magisimbelless’</strong></span> <span class='ocrx_word' id='word_1_202' title='bbox 697 1822 772 1874; x_wconf 81' lang='lat' dir='ltr'><strong>fortis</strong></span> <span class='ocrx_word' id='word_1_203' title='bbox 790 1824 868 1873; x_wconf 89' lang='lat' dir='ltr'><strong>titulo</strong></span> <span class='ocrx_word' id='word_1_204' title='bbox 885 1823 920 1873; x_wconf 88' lang='lat' dir='ltr'><strong>sit</strong></span> <span class='ocrx_word' id='word_1_205' title='bbox 940 1821 1108 1883; x_wconf 77' lang='lat' dir='ltr'><strong>fraudandus,</strong></span> <span class='ocrx_word' id='word_1_206' title='bbox 1128 1831 1228 1869; x_wconf 76' lang='lat' dir='ltr'><strong>mesum</strong></span> 
     </span>
     <span class='ocr_line' id='line_1_21' title="bbox 126 1894 1229 1964; baseline -0.003 -17"><span class='ocrx_word' id='word_1_207' title='bbox 126 1898 216 1947; x_wconf 84' lang='lat' dir='ltr'><strong>Tacit.</strong></span> <span class='ocrx_word' id='word_1_208' title='bbox 236 1897 305 1948; x_wconf 79' lang='lat' dir='ltr'><strong>Anu.</strong></span> <span class='ocrx_word' id='word_1_209' title='bbox 322 1913 365 1950; x_wconf 88' lang='lat' dir='ltr'><strong>m.</strong></span> <span class='ocrx_word' id='word_1_210' title='bbox 386 1903 428 1948; x_wconf 79' lang='grc'><strong>46.</strong></span> <span class='ocrx_word' id='word_1_211' title='bbox 465 1899 534 1948; x_wconf 88' lang='lat' dir='ltr'><strong>Hinc</strong></span> <span class='ocrx_word' id='word_1_212' title='bbox 546 1898 660 1963; x_wconf 78' lang='lat' dir='ltr'><strong>Agesilai</strong></span> <span class='ocrx_word' id='word_1_213' title='bbox 695 1914 747 1949; x_wconf 91' lang='lat' dir='ltr'><strong>non</strong></span> <span class='ocrx_word' id='word_1_214' title='bbox 772 1913 903 1964; x_wconf 67' lang='lat' dir='ltr'><strong>assequor.</strong></span> <span class='ocrx_word' id='word_1_215' title='bbox 948 1899 1053 1948; x_wconf 85' lang='lat' dir='ltr'><strong>Deinde</strong></span> <span class='ocrx_word' id='word_1_216' title='bbox 1081 1894 1229 1946; x_wconf 70' lang='lat' dir='ltr'><strong>meminisse</strong></span> 
     </span>
     <span class='ocr_line' id='line_1_22' title="bbox 125 1972 1226 2038; baseline -0.003 -16"><span class='ocrx_word' id='word_1_217' title='bbox 125 1972 292 2035; x_wconf 73' lang='lat' dir='ltr'><strong>strategema</strong></span> <span class='ocrx_word' id='word_1_218' title='bbox 318 1981 437 2023; x_wconf 82' lang='lat' dir='ltr'><strong>narretur</strong></span> <span class='ocrx_word' id='word_1_219' title='bbox 467 1973 493 2022; x_wconf 90' lang='lat' dir='ltr'><strong>in</strong></span> <span class='ocrx_word' id='word_1_220' title='bbox 523 1973 659 2023; x_wconf 75' lang='lat' dir='ltr'><strong>Plutarchi</strong></span> <span class='ocrx_word' id='word_1_221' title='bbox 695 1975 828 2037; x_wconf 82' lang='lat' dir='ltr'><strong>debemus,</strong></span> <span class='ocrx_word' id='word_1_222' title='bbox 845 1989 909 2038; x_wconf 85' lang='lat' dir='ltr'><strong>opes</strong></span> <span class='ocrx_word' id='word_1_223' title='bbox 925 1974 1080 2037; x_wconf 88' lang='lat' dir='ltr'><strong>simpliciter</strong></span> <span class='ocrx_word' id='word_1_224' title='bbox 1096 1986 1155 2021; x_wconf 89' lang='lat' dir='ltr'><strong>non</strong></span> <span class='ocrx_word' id='word_1_225' title='bbox 1168 1985 1226 2021; x_wconf 89' lang='lat' dir='ltr'><strong>esse</strong></span> 
     </span>
     <span class='ocr_line' id='line_1_23' title="bbox 127 2048 1225 2113; baseline 0 -16"><span class='ocrx_word' id='word_1_226' title='bbox 127 2048 261 2111; x_wconf 77' lang='lat' dir='ltr'><strong>Apophtls.</strong></span> <span class='ocrx_word' id='word_1_227' title='bbox 274 2051 368 2100; x_wconf 86' lang='lat' dir='ltr'><strong>Lacon.</strong></span> <span class='ocrx_word' id='word_1_228' title='bbox 380 2064 404 2099; x_wconf 84' lang='lat' dir='ltr'><strong>o.</strong></span> <span class='ocrx_word' id='word_1_229' title='bbox 414 2056 439 2099; x_wconf 77' lang='grc' dir='ltr'><strong>δ.</strong></span> <span class='ocrx_word' id='word_1_230' title='bbox 463 2050 589 2113; x_wconf 78' lang='lat' dir='ltr'><strong>Eqso‘tllss</strong></span> <span class='ocrx_word' id='word_1_231' title='bbox 605 2065 659 2098; x_wconf 78' lang='lat' dir='ltr'><strong>essm</strong></span> <span class='ocrx_word' id='word_1_232' title='bbox 694 2050 910 2101; x_wconf 79' lang='lat' dir='ltr'><strong>contemnendus:</strong></span> <span class='ocrx_word' id='word_1_233' title='bbox 928 2056 988 2098; x_wconf 84' lang='lat' dir='ltr'><strong>sunt</strong></span> <span class='ocrx_word' id='word_1_234' title='bbox 1005 2050 1074 2098; x_wconf 89' lang='lat' dir='ltr'><strong>enim</strong></span> <span class='ocrx_word' id='word_1_235' title='bbox 1085 2049 1155 2097; x_wconf 88' lang='lat' dir='ltr'><strong>inter</strong></span> <span class='ocrx_word' id='word_1_236' title='bbox 1165 2048 1225 2097; x_wconf 85' lang='lat' dir='ltr'><strong>ilias</strong></span> 
     </span>
     <span class='ocr_line' id='line_1_24' title="bbox 126 2123 1228 2188; baseline -0.002 -15"><span class='ocrx_word' id='word_1_237' title='bbox 126 2125 304 2186; x_wconf 75' lang='lat' dir='ltr'><strong>destitumetur,</strong></span> <span class='ocrx_word' id='word_1_238' title='bbox 331 2126 451 2187; x_wconf 77' lang='lat' dir='ltr'><strong>Ephesum</strong></span> <span class='ocrx_word' id='word_1_239' title='bbox 479 2139 588 2172; x_wconf 79' lang='lat' dir='ltr'><strong>reuersus</strong></span> <span class='ocrx_word' id='word_1_240' title='bbox 614 2129 659 2185; x_wconf 85' lang='lat' dir='ltr'><strong>est,</strong></span> <span class='ocrx_word' id='word_1_241' title='bbox 694 2124 768 2174; x_wconf 77' lang='grc' dir='ltr'><strong><em>δόσεις</em></strong></span> <span class='ocrx_word' id='word_1_242' title='bbox 778 2127 948 2188; x_wconf 67' lang='grc' dir='ltr'><strong><em>δγοθδς,οοςς</em></strong></span> <span class='ocrx_word' id='word_1_243' title='bbox 960 2123 1228 2187; x_wconf 79' lang='lat' dir='ltr'><strong>Apostolusdacobus</strong></span> 
     </span>
     <span class='ocr_line' id='line_1_25' title="bbox 126 2196 1229 2266; baseline -0.001 -18"><span class='ocrx_word' id='word_1_244' title='bbox 126 2200 287 2263; x_wconf 66' lang='lat' dir='ltr'><strong>opulentiaque</strong></span> <span class='ocrx_word' id='word_1_245' title='bbox 299 2200 414 2261; x_wconf 71' lang='lat' dir='ltr'><strong>t&#39;ttjttttxt&#39;i,</strong></span> <span class='ocrx_word' id='word_1_246' title='bbox 430 2204 457 2247; x_wconf 84' lang='lat' dir='ltr'><strong>sti</strong></span> <span class='ocrx_word' id='word_1_247' title='bbox 470 2213 516 2266; x_wconf 80' lang='lat' dir='ltr'><strong>pro</strong></span> <span class='ocrx_word' id='word_1_248' title='bbox 527 2214 552 2248; x_wconf 81' lang='lat' dir='ltr'><strong>te</strong></span> <span class='ocrx_word' id='word_1_249' title='bbox 562 2198 660 2261; x_wconf 66' lang='lat' dir='ltr'><strong>quisque</strong></span> <span class='ocrx_word' id='word_1_250' title='bbox 695 2201 743 2260; x_wconf 80' lang='lat' dir='ltr'><strong>aii,</strong></span> <span class='ocrx_word' id='word_1_251' title='bbox 754 2198 903 2255; x_wconf 71' lang='grc' dir='ltr'><strong>καταβαίνειν</strong></span> <span class='ocrx_word' id='word_1_252' title='bbox 919 2197 964 2245; x_wconf 67' lang='lat' dir='ltr'><strong>det</strong></span> <span class='ocrx_word' id='word_1_253' title='bbox 974 2200 1017 2247; x_wconf 77' lang='grc' dir='ltr'><strong>τοῦ</strong></span> <span class='ocrx_word' id='word_1_254' title='bbox 1027 2196 1114 2261; x_wconf 61' lang='grc' dir='ltr'><strong>«πρὸς</strong></span> <span class='ocrx_word' id='word_1_255' title='bbox 1123 2201 1171 2247; x_wconf 71' lang='grc' dir='ltr'><strong>τᾶν</strong></span> <span class='ocrx_word' id='word_1_256' title='bbox 1180 2197 1229 2259; x_wconf 66' lang='grc' dir='ltr'><strong>φό-</strong></span> 
     </span>
     <span class='ocr_line' id='line_1_26' title="bbox 126 2270 1231 2339; baseline -0.007 -13"><span class='ocrx_word' id='word_1_257' title='bbox 126 2290 212 2339; x_wconf 78' lang='lat' dir='ltr'><strong>epuem</strong></span> <span class='ocrx_word' id='word_1_258' title='bbox 231 2276 354 2338; x_wconf 79' lang='lat' dir='ltr'><strong>uirumque</strong></span> <span class='ocrx_word' id='word_1_259' title='bbox 370 2275 503 2337; x_wconf 67' lang='lat' dir='ltr'><strong>praebent,-</strong></span> <span class='ocrx_word' id='word_1_260' title='bbox 522 2289 549 2322; x_wconf 84' lang='lat' dir='ltr'><strong>en</strong></span> <span class='ocrx_word' id='word_1_261' title='bbox 567 2275 660 2321; x_wconf 79' lang='lat' dir='ltr'><strong>rotinus</strong></span> <span class='ocrx_word' id='word_1_262' title='bbox 694 2289 751 2334; x_wconf 80' lang='grc' dir='ltr'><strong><em>πον,</em></strong></span> <span class='ocrx_word' id='word_1_263' title='bbox 764 2272 844 2337; x_wconf 75' lang='lat' dir='ltr'><strong>Epi.</strong></span> <span class='ocrx_word' id='word_1_264' title='bbox 857 2276 898 2320; x_wconf 81' lang='lat'><strong>1⁷.</strong></span> <span class='ocrx_word' id='word_1_265' title='bbox 916 2272 968 2320; x_wconf 84' lang='lat' dir='ltr'><strong>Sed</strong></span> <span class='ocrx_word' id='word_1_266' title='bbox 985 2270 1179 2334; x_wconf 86' lang='lat' dir='ltr'><strong>comperstione</strong></span> <span class='ocrx_word' id='word_1_267' title='bbox 1191 2271 1231 2319; x_wconf 92' lang='lat' dir='ltr'><strong>in·</strong></span> 
     </span>
    </p>
   </div>
   <div class='ocr_carea' id='block_1_3' title="bbox 125 2346 1333 2415">
    <p class='ocr_par' dir='ltr' id='par_1_3' title="bbox 125 2346 1333 2415">
     <span class='ocr_line' id='line_1_27' title="bbox 125 2346 1333 2415; baseline -0.006 -13"><span class='ocrx_word' id='word_1_268' title='bbox 125 2352 206 2402; x_wconf 74' lang='lat' dir='ltr'><strong>subito</strong></span> <span class='ocrx_word' id='word_1_269' title='bbox 217 2353 270 2415; x_wconf 75' lang='lat' dir='ltr'><strong>equi</strong></span> <span class='ocrx_word' id='word_1_270' title='bbox 281 2352 412 2415; x_wconf 69' lang='lat' dir='ltr'><strong>equitesque</strong></span> <span class='ocrx_word' id='word_1_271' title='bbox 427 2349 506 2398; x_wconf 77' lang='lat' dir='ltr'><strong>idonei</strong></span> <span class='ocrx_word' id='word_1_272' title='bbox 524 2349 660 2398; x_wconf 73' lang='lat' dir='ltr'><strong>timidorum</strong></span> <span class='ocrx_word' id='word_1_273' title='bbox 696 2347 869 2396; x_wconf 85' lang='lat' dir='ltr'><strong>stitntainter</strong></span> <span class='ocrx_word' id='word_1_274' title='bbox 884 2346 951 2395; x_wconf 81' lang='lat' dir='ltr'><strong>bons</strong></span> <span class='ocrx_word' id='word_1_275' title='bbox 967 2347 1095 2411; x_wconf 76' lang='lat' dir='ltr'><strong>istu,qum</strong></span> <span class='ocrx_word' id='word_1_276' title='bbox 1111 2347 1231 2406; x_wconf 73' lang='lat' dir='ltr'><strong>ripense·</strong></span> <span class='ocrx_word' id='word_1_277' title='bbox 1328 2401 1333 2410; x_wconf 34' lang='lat'>¹</span> 
     </span>
    </p>
   </div>
   <div class='ocr_carea' id='block_1_4' title="bbox 125 2421 1232 3320">
    <p class='ocr_par' dir='ltr' id='par_1_4' title="bbox 125 2421 1232 2945">
     <span class='ocr_line' id='line_1_28' title="bbox 125 2421 1232 2490; baseline -0.005 -13"><span class='ocrx_word' id='word_1_278' title='bbox 125 2427 274 2490; x_wconf 78' lang='lat' dir='ltr'><strong>divitemque</strong></span> <span class='ocrx_word' id='word_1_279' title='bbox 292 2428 340 2474; x_wconf 82' lang='lat' dir='ltr'><strong>loeo</strong></span> <span class='ocrx_word' id='word_1_280' title='bbox 360 2425 450 2474; x_wconf 82' lang='lat' dir='ltr'><strong>collecti</strong></span> <span class='ocrx_word' id='word_1_281' title='bbox 467 2429 531 2473; x_wconf 78' lang='lat' dir='ltr'><strong>sunt.</strong></span> <span class='ocrx_word' id='word_1_282' title='bbox 564 2422 659 2471; x_wconf 86' lang='lat' dir='ltr'><strong>Melius</strong></span> <span class='ocrx_word' id='word_1_283' title='bbox 697 2421 885 2485; x_wconf 75' lang='lat' dir='ltr'><strong>cetStugirits,</strong></span> <span class='ocrx_word' id='word_1_284' title='bbox 904 2421 944 2484; x_wconf 88' lang='lat' dir='ltr'><strong>(iu</strong></span> <span class='ocrx_word' id='word_1_285' title='bbox 962 2421 1055 2485; x_wconf 85' lang='lat' dir='ltr'><strong>quibus</strong></span> <span class='ocrx_word' id='word_1_286' title='bbox 1075 2421 1232 2471; x_wconf 78' lang='lat' dir='ltr'><strong>Christianis</strong></span> 
     </span>
     <span class='ocr_line' id='line_1_29' title="bbox 126 2493 1230 2566; baseline -0.007 -13"><span class='ocrx_word' id='word_1_287' title='bbox 126 2504 178 2553; x_wconf 86' lang='lat' dir='ltr'><strong>hoc</strong></span> <span class='ocrx_word' id='word_1_288' title='bbox 188 2504 304 2566; x_wconf 80' lang='lat' dir='ltr'><strong>explicet</strong></span> <span class='ocrx_word' id='word_1_289' title='bbox 314 2502 413 2561; x_wconf 84' lang='lat' dir='ltr'><strong>Livius,</strong></span> <span class='ocrx_word' id='word_1_290' title='bbox 423 2499 551 2563; x_wconf 88' lang='lat' dir='ltr'><strong>Scipionis</strong></span> <span class='ocrx_word' id='word_1_291' title='bbox 563 2497 658 2547; x_wconf 80' lang='lat' dir='ltr'><strong>iactum</strong></span> <span class='ocrx_word' id='word_1_292' title='bbox 696 2497 808 2548; x_wconf 81' lang='lat' dir='ltr'><strong>maxime</strong></span> <span class='ocrx_word' id='word_1_293' title='bbox 829 2502 889 2546; x_wconf 88' lang='lat' dir='ltr'><strong>sunt</strong></span> <span class='ocrx_word' id='word_1_294' title='bbox 911 2493 1048 2559; x_wconf 59' lang='lat' dir='ltr'><strong>coelestim)</strong></span> <span class='ocrx_word' id='word_1_295' title='bbox 1065 2499 1175 2559; x_wconf 85' lang='lat' dir='ltr'><strong>possunt</strong></span> <span class='ocrx_word' id='word_1_296' title='bbox 1199 2509 1230 2545; x_wconf 84' lang='lat' dir='ltr'><strong>ac</strong></span> 
     </span>
     <span class='ocr_line' id='line_1_30' title="bbox 127 2570 1232 2639; baseline -0.007 -11"><span class='ocrx_word' id='word_1_297' title='bbox 127 2576 256 2638; x_wconf 80' lang='lat' dir='ltr'><strong>referens,</strong></span> <span class='ocrx_word' id='word_1_298' title='bbox 269 2575 313 2639; x_wconf 89' lang='lat' dir='ltr'><strong>qui</strong></span> <span class='ocrx_word' id='word_1_299' title='bbox 329 2575 433 2623; x_wconf 83' lang='lat' dir='ltr'><strong>videtur</strong></span> <span class='ocrx_word' id='word_1_300' title='bbox 444 2573 592 2636; x_wconf 78' lang='lat' dir='ltr'><strong>Agesilaum</strong></span> <span class='ocrx_word' id='word_1_301' title='bbox 604 2572 660 2621; x_wconf 89' lang='lat' dir='ltr'><strong>imi·</strong></span> <span class='ocrx_word' id='word_1_302' title='bbox 696 2574 795 2624; x_wconf 88' lang='lat' dir='ltr'><strong>debent</strong></span> <span class='ocrx_word' id='word_1_303' title='bbox 815 2571 1003 2638; x_wconf 82' lang='lat' dir='ltr'><strong>quodammodo</strong></span> <span class='ocrx_word' id='word_1_304' title='bbox 1025 2570 1172 2621; x_wconf 82' lang='lat' dir='ltr'><strong>contemni:</strong></span> <span class='ocrx_word' id='word_1_305' title='bbox 1199 2570 1232 2620; x_wconf 84' lang='lat'><strong>&#39;0</strong></span> 
     </span>
     <span class='ocr_line' id='line_1_31' title="bbox 127 2644 1231 2713; baseline -0.009 -9"><span class='ocrx_word' id='word_1_306' title='bbox 127 2660 212 2712; x_wconf 78' lang='lat' dir='ltr'><strong>taius,</strong></span> <span class='ocrx_word' id='word_1_307' title='bbox 229 2665 267 2713; x_wconf 86' lang='lat' dir='ltr'><strong>pr.</strong></span> <span class='ocrx_word' id='word_1_308' title='bbox 282 2649 327 2699; x_wconf 84' lang='lat' dir='ltr'><strong>lib.</strong></span> <span class='ocrx_word' id='word_1_309' title='bbox 340 2662 422 2699; x_wconf 79' lang='lat' dir='ltr'><strong>xxix.</strong></span> <span class='ocrx_word' id='word_1_310' title='bbox 449 2649 569 2699; x_wconf 81' lang='lat' dir='ltr'><strong>Meminit</strong></span> <span class='ocrx_word' id='word_1_311' title='bbox 579 2649 659 2699; x_wconf 73' lang='lat' dir='ltr'><strong>etiam</strong></span> <span class='ocrx_word' id='word_1_312' title='bbox 695 2649 743 2713; x_wconf 72' lang='grc' dir='ltr'><strong>γὰρ</strong></span> <span class='ocrx_word' id='word_1_313' title='bbox 753 2649 864 2711; x_wconf 77' lang='grc' dir='ltr'><strong>πλοῦτος,</strong></span> <span class='ocrx_word' id='word_1_314' title='bbox 872 2649 952 2710; x_wconf 78' lang='grc' dir='ltr'><strong><em>δῆλον,</em></strong></span> <span class='ocrx_word' id='word_1_315' title='bbox 962 2645 998 2695; x_wconf 70' lang='lat' dir='ltr'><strong>dre</strong></span> <span class='ocrx_word' id='word_1_316' title='bbox 1008 2647 1036 2696; x_wconf 71' lang='grc' dir='ltr'><strong>οὗ</strong></span> <span class='ocrx_word' id='word_1_317' title='bbox 1046 2645 1077 2695; x_wconf 66' lang='grc' dir='ltr'><strong>τὸ</strong></span> <span class='ocrx_word' id='word_1_318' title='bbox 1088 2644 1231 2708; x_wconf 58' lang='lat' dir='ltr'><strong>§productor</strong></span> 
     </span>
     <span class='ocr_line' id='line_1_32' title="bbox 125 2723 1230 2791; baseline -0.002 -18"><span class='ocrx_word' id='word_1_319' title='bbox 125 2727 265 2791; x_wconf 48' lang='lat' dir='ltr'><strong>[appianus</strong></span> <span class='ocrx_word' id='word_1_320' title='bbox 288 2725 403 2774; x_wconf 85' lang='lat' dir='ltr'><strong>Punicis.</strong></span> <span class='ocrx_word' id='word_1_321' title='bbox 436 2725 487 2775; x_wconf 86' lang='lat' dir='ltr'><strong>Sed</strong></span> <span class='ocrx_word' id='word_1_322' title='bbox 510 2733 538 2775; x_wconf 93' lang='lat' dir='ltr'><strong>et</strong></span> <span class='ocrx_word' id='word_1_323' title='bbox 559 2727 659 2775; x_wconf 89' lang='lat' dir='ltr'><strong>strenui</strong></span> <span class='ocrx_word' id='word_1_324' title='bbox 695 2726 791 2786; x_wconf 74' lang='grc' dir='ltr'><strong><em>δγοδόν.</em></strong></span> <span class='ocrx_word' id='word_1_325' title='bbox 832 2727 891 2777; x_wconf 83' lang='lat' dir='ltr'><strong>Quo</strong></span> <span class='ocrx_word' id='word_1_326' title='bbox 914 2724 992 2773; x_wconf 89' lang='lat' dir='ltr'><strong>modo</strong></span> <span class='ocrx_word' id='word_1_327' title='bbox 1015 2724 1096 2773; x_wconf 86' lang='lat' dir='ltr'><strong>multa</strong></span> <span class='ocrx_word' id='word_1_328' title='bbox 1118 2723 1230 2772; x_wconf 79' lang='lat' dir='ltr'><strong>Petrum</strong></span> 
     </span>
     <span class='ocr_line' id='line_1_33' title="bbox 126 2801 1230 2870; baseline 0.003 -19"><span class='ocrx_word' id='word_1_329' title='bbox 126 2802 226 2856; x_wconf 82' lang='lat' dir='ltr'><strong>milites</strong></span> <span class='ocrx_word' id='word_1_330' title='bbox 248 2807 307 2864; x_wconf 87' lang='lat' dir='ltr'><strong>post</strong></span> <span class='ocrx_word' id='word_1_331' title='bbox 327 2814 389 2863; x_wconf 87' lang='lat' dir='ltr'><strong>opes</strong></span> <span class='ocrx_word' id='word_1_332' title='bbox 408 2801 659 2870; x_wconf 72' lang='lat' dir='ltr'><strong>qumsitsssbnunnt</strong></span> <span class='ocrx_word' id='word_1_333' title='bbox 695 2805 937 2856; x_wconf 84' lang='lat' dir='ltr'><strong>Ecclesiasticorum</strong></span> <span class='ocrx_word' id='word_1_334' title='bbox 949 2803 1022 2853; x_wconf 83' lang='lat' dir='ltr'><strong>dicte</strong></span> <span class='ocrx_word' id='word_1_335' title='bbox 1035 2803 1130 2853; x_wconf 87' lang='lat' dir='ltr'><strong>dextre</strong></span> <span class='ocrx_word' id='word_1_336' title='bbox 1147 2802 1230 2868; x_wconf 85' lang='lat' dir='ltr'><strong>expli-</strong></span> 
     </span>
     <span class='ocr_line' id='line_1_34' title="bbox 126 2876 960 2945; baseline 0.006 -20"><span class='ocrx_word' id='word_1_337' title='bbox 126 2878 252 2945; x_wconf 85' lang='lat' dir='ltr'><strong>pericula.</strong></span> <span class='ocrx_word' id='word_1_338' title='bbox 270 2877 277 2904; x_wconf 78' lang='lat'><em>⁶</em></span> <span class='ocrx_word' id='word_1_339' title='bbox 290 2876 343 2925; x_wconf 86' lang='lat' dir='ltr'><strong>ibit</strong></span> <span class='ocrx_word' id='word_1_340' title='bbox 355 2890 386 2925; x_wconf 88' lang='lat' dir='ltr'><strong>eo</strong></span> <span class='ocrx_word' id='word_1_341' title='bbox 398 2890 449 2940; x_wconf 90' lang='lat' dir='ltr'><strong>qno</strong></span> <span class='ocrx_word' id='word_1_342' title='bbox 457 2876 505 2939; x_wconf 81' lang='lat' dir='ltr'><strong>vis,</strong></span> <span class='ocrx_word' id='word_1_343' title='bbox 516 2879 559 2941; x_wconf 88' lang='lat' dir='ltr'><strong>qui</strong></span> <span class='ocrx_word' id='word_1_344' title='bbox 568 2893 659 2928; x_wconf 80' lang='lat' dir='ltr'><strong>aonam</strong></span> <span class='ocrx_word' id='word_1_345' title='bbox 696 2897 755 2933; x_wconf 86' lang='lat' dir='ltr'><strong>care</strong></span> <span class='ocrx_word' id='word_1_346' title='bbox 766 2883 836 2932; x_wconf 85' lang='lat' dir='ltr'><strong>licet.</strong></span> <span class='ocrx_word' id='word_1_347' title='bbox 862 2881 960 2930; x_wconf 76' lang='lat' dir='ltr'><strong>Prosci.</strong></span> 
     </span>
    </p>

    <p class='ocr_par' dir='ltr' id='par_1_5' title="bbox 126 2951 1230 3320">
     <span class='ocr_line' id='line_1_35' title="bbox 127 2951 1229 3020; baseline 0.003 -17"><span class='ocrx_word' id='word_1_348' title='bbox 127 2952 254 3019; x_wconf 89' lang='lat' dir='ltr'><strong>perdidit,</strong></span> <span class='ocrx_word' id='word_1_349' title='bbox 274 2951 369 3015; x_wconf 84' lang='lat' dir='ltr'><strong>inquit&#39;</strong></span> <span class='ocrx_word' id='word_1_350' title='bbox 394 2951 437 3001; x_wconf 88' lang='lat' dir='ltr'><strong>illo</strong></span> <span class='ocrx_word' id='word_1_351' title='bbox 465 2952 658 3016; x_wconf 78' lang='lat' dir='ltr'><strong>npudllorst.</strong></span> <span class='ocrx_word' id='word_1_352' title='bbox 703 2983 706 2988; x_wconf 93' lang='lat'><em>-</em></span> <span class='ocrx_word' id='word_1_353' title='bbox 730 2959 793 3020; x_wconf 86' lang='lat' dir='ltr'><strong>Opes</strong></span> <span class='ocrx_word' id='word_1_354' title='bbox 812 2956 907 3020; x_wconf 68' lang='lat' dir='ltr'><strong>moise]</strong></span> <span class='ocrx_word' id='word_1_355' title='bbox 942 2956 1055 3006; x_wconf 84' lang='lat' dir='ltr'><strong>lElisnus</strong></span> <span class='ocrx_word' id='word_1_356' title='bbox 1077 2957 1104 3006; x_wconf 90' lang='lat' dir='ltr'><strong>ln</strong></span> <span class='ocrx_word' id='word_1_357' title='bbox 1127 2956 1229 3007; x_wconf 86' lang='lat' dir='ltr'><strong>Histor.</strong></span> 
     </span>
     <span class='ocr_line' id='line_1_36' title="bbox 128 3027 1230 3099; baseline 0 -20"><span class='ocrx_word' id='word_1_358' title='bbox 128 3030 215 3094; x_wconf 78' lang='lat' dir='ltr'><strong>Epist.</strong></span> <span class='ocrx_word' id='word_1_359' title='bbox 235 3041 266 3077; x_wconf 89' lang='lat'><strong>11.</strong></span> <span class='ocrx_word' id='word_1_360' title='bbox 283 3032 307 3076; x_wconf 74' lang='grc' dir='ltr'><strong>δ.</strong></span> <span class='ocrx_word' id='word_1_361' title='bbox 329 3027 399 3077; x_wconf 88' lang='lat' dir='ltr'><strong>Hinc</strong></span> <span class='ocrx_word' id='word_1_362' title='bbox 418 3028 609 3091; x_wconf 79' lang='lat' dir='ltr'><strong>Epaminondas</strong></span> <span class='ocrx_word' id='word_1_363' title='bbox 619 3045 659 3078; x_wconf 83' lang='lat' dir='ltr'><strong>or·</strong></span> <span class='ocrx_word' id='word_1_364' title='bbox 695 3034 757 3083; x_wconf 81' lang='lat' dir='ltr'><strong>Vas.</strong></span> <span class='ocrx_word' id='word_1_365' title='bbox 768 3032 890 3093; x_wconf 74' lang='lat' dir='ltr'><strong>ostendit,</strong></span> <span class='ocrx_word' id='word_1_366' title='bbox 901 3031 1012 3094; x_wconf 88' lang='lat' dir='ltr'><strong>optimos</strong></span> <span class='ocrx_word' id='word_1_367' title='bbox 1026 3031 1135 3080; x_wconf 71' lang='lat' dir='ltr'><strong>Grecos</strong></span> <span class='ocrx_word' id='word_1_368' title='bbox 1147 3030 1230 3099; x_wconf 75' lang='lat' dir='ltr'><strong>fuisse</strong></span> 
     </span>
     <span class='ocr_line' id='line_1_37' title="bbox 127 3103 1230 3175; baseline -0.004 -19"><span class='ocrx_word' id='word_1_369' title='bbox 127 3105 245 3166; x_wconf 62' lang='lat' dir='ltr'><strong>misnam</strong></span> <span class='ocrx_word' id='word_1_370' title='bbox 255 3118 321 3153; x_wconf 77' lang='lat' dir='ltr'><strong>mum</strong></span> <span class='ocrx_word' id='word_1_371' title='bbox 332 3104 475 3167; x_wconf 82' lang='lat' dir='ltr'><strong>comperiens</strong></span> <span class='ocrx_word' id='word_1_372' title='bbox 483 3107 660 3168; x_wconf 80' lang='lat' dir='ltr'><strong>meltnmpecss·</strong></span> <span class='ocrx_word' id='word_1_373' title='bbox 696 3107 882 3173; x_wconf 83' lang='lat' dir='ltr'><strong>penperrimos.</strong></span> <span class='ocrx_word' id='word_1_374' title='bbox 906 3103 1067 3154; x_wconf 75' lang='lat' dir='ltr'><strong>Menander:</strong></span> <span class='ocrx_word' id='word_1_375' title='bbox 1085 3103 1147 3175; x_wconf 81' lang='lat' dir='ltr'><strong>&#39;ore</strong></span> <span class='ocrx_word' id='word_1_376' title='bbox 1156 3105 1230 3153; x_wconf 76' lang='grc' dir='ltr'><strong><em>πλοῦ-</em></strong></span> 
     </span>
     <span class='ocr_line' id='line_1_38' title="bbox 127 3176 1230 3244; baseline -0.001 -13"><span class='ocrx_word' id='word_1_377' title='bbox 127 3182 176 3231; x_wconf 73' lang='lat' dir='ltr'><strong>itia</strong></span> <span class='ocrx_word' id='word_1_378' title='bbox 186 3181 300 3244; x_wconf 79' lang='lat' dir='ltr'><strong>occepisse</strong></span> <span class='ocrx_word' id='word_1_379' title='bbox 314 3196 330 3228; x_wconf 84' lang='lat' dir='ltr'><strong>u</strong></span> <span class='ocrx_word' id='word_1_380' title='bbox 341 3182 449 3244; x_wconf 74' lang='lat' dir='ltr'><strong>quodum,</strong></span> <span class='ocrx_word' id='word_1_381' title='bbox 460 3182 501 3243; x_wconf 80' lang='lat' dir='ltr'><strong>qai</strong></span> <span class='ocrx_word' id='word_1_382' title='bbox 516 3187 598 3244; x_wconf 77' lang='lat' dir='ltr'><strong>ceptus</strong></span> <span class='ocrx_word' id='word_1_383' title='bbox 603 3182 661 3241; x_wconf 76' lang='lat' dir='ltr'><strong>see·</strong></span> <span class='ocrx_word' id='word_1_384' title='bbox 696 3199 737 3230; x_wconf 86' lang='grc' dir='ltr'><strong>πος</strong></span> <span class='ocrx_word' id='word_1_385' title='bbox 755 3181 859 3243; x_wconf 61' lang='lat' dir='ltr'><strong>diductae</strong></span> <span class='ocrx_word' id='word_1_386' title='bbox 879 3179 922 3229; x_wconf 72' lang='grc' dir='ltr'><strong>τὸν</strong></span> <span class='ocrx_word' id='word_1_387' title='bbox 936 3176 1078 3239; x_wconf 65' lang='lat' dir='ltr'><strong>tempium</strong></span> <span class='ocrx_word' id='word_1_388' title='bbox 1097 3177 1130 3229; x_wconf 81' lang='lat' dir='ltr'><strong>eis</strong></span> <span class='ocrx_word' id='word_1_389' title='bbox 1149 3177 1230 3242; x_wconf 62' lang='lat' dir='ltr'><strong>&amp;spor</strong></span> 
     </span>
     <span class='ocr_line' id='line_1_39' title="bbox 126 3252 1230 3320; baseline -0.004 -13"><span class='ocrx_word' id='word_1_390' title='bbox 126 3262 184 3307; x_wconf 75' lang='lat' dir='ltr'><strong>ni:</strong></span> <span class='ocrx_word' id='word_1_391' title='bbox 208 3257 323 3318; x_wconf 72' lang='lat' dir='ltr'><strong>Proinde,</strong></span> <span class='ocrx_word' id='word_1_392' title='bbox 343 3256 582 3318; x_wconf 55' lang='lat' dir='ltr'><strong>impedimentisne</strong></span> <span class='ocrx_word' id='word_1_393' title='bbox 600 3258 661 3306; x_wconf 76' lang='lat' dir='ltr'><strong>milli</strong></span> <span class='ocrx_word' id='word_1_394' title='bbox 696 3253 1017 3320; x_wconf 58' lang='grc' dir='ltr'><strong><em>ἧθοςμῦκδνᾷτδπρόοθςν</em></strong></span> <span class='ocrx_word' id='word_1_395' title='bbox 1027 3252 1065 3313; x_wconf 76' lang='grc' dir='ltr'><strong>ἧς.</strong></span> <span class='ocrx_word' id='word_1_396' title='bbox 1089 3253 1167 3317; x_wconf 80' lang='lat' dir='ltr'><strong>Apud</strong></span> <span class='ocrx_word' id='word_1_397' title='bbox 1180 3253 1230 3304; x_wconf 75' lang='lat' dir='ltr'><strong>Ar·</strong></span> 
     </span>
    </p>
   </div>
   <div class='ocr_carea' id='block_1_5' title="bbox 127 3328 1313 3404">
    <p class='ocr_par' dir='ltr' id='par_1_6' title="bbox 127 3328 1313 3404">
     <span class='ocr_line' id='line_1_40' title="bbox 127 3328 1313 3404; baseline -0.003 -23"><span class='ocrx_word' id='word_1_398' title='bbox 127 3333 209 3394; x_wconf 83' lang='lat' dir='ltr'><strong>redde,</strong></span> <span class='ocrx_word' id='word_1_399' title='bbox 229 3332 319 3395; x_wconf 75' lang='lat' dir='ltr'><strong>illique</strong></span> <span class='ocrx_word' id='word_1_400' title='bbox 339 3346 468 3394; x_wconf 78' lang='lat' dir='ltr'><strong>conponam</strong></span> <span class='ocrx_word' id='word_1_401' title='bbox 489 3347 547 3396; x_wconf 82' lang='lat' dir='ltr'><strong>eme,</strong></span> <span class='ocrx_word' id='word_1_402' title='bbox 564 3334 591 3382; x_wconf 83' lang='lat' dir='ltr'><strong>s&#39;u</strong></span> <span class='ocrx_word' id='word_1_403' title='bbox 613 3348 662 3397; x_wconf 77' lang='lat' dir='ltr'><strong>pus</strong></span> <span class='ocrx_word' id='word_1_404' title='bbox 697 3346 752 3380; x_wconf 84' lang='lat' dir='ltr'><strong>sen.</strong></span> <span class='ocrx_word' id='word_1_405' title='bbox 778 3328 848 3392; x_wconf 64' lang='grc' dir='ltr'><strong>Ψδρφ</strong></span> <span class='ocrx_word' id='word_1_406' title='bbox 871 3328 983 3378; x_wconf 75' lang='grc' dir='ltr'><strong><em>πλούτου.</em></strong></span> <span class='ocrx_word' id='word_1_407' title='bbox 1019 3330 1138 3378; x_wconf 81' lang='lat' dir='ltr'><strong>Socrates</strong></span> <span class='ocrx_word' id='word_1_408' title='bbox 1159 3328 1229 3392; x_wconf 86' lang='lat' dir='ltr'><strong>apnd</strong></span> <span class='ocrx_word' id='word_1_409' title='bbox 1309 3392 1313 3404; x_wconf 39' lang='grc' dir='ltr'>Ι</span> 
     </span>
    </p>
   </div>
   <div class='ocr_carea' id='block_1_6' title="bbox 127 3404 1257 3703">
    <p class='ocr_par' dir='ltr' id='par_1_7' title="bbox 127 3404 1257 3703">
     <span class='ocr_line' id='line_1_41' title="bbox 127 3404 1231 3470; baseline -0.003 -13"><span class='ocrx_word' id='word_1_410' title='bbox 127 3408 304 3470; x_wconf 72' lang='lat' dir='ltr'><strong>silomeoeigos.</strong></span> <span class='ocrx_word' id='word_1_411' title='bbox 337 3408 415 3457; x_wconf 82' lang='lat' dir='ltr'><strong>Dices</strong></span> <span class='ocrx_word' id='word_1_412' title='bbox 427 3409 488 3456; x_wconf 85' lang='lat' dir='ltr'><strong>enim</strong></span> <span class='ocrx_word' id='word_1_413' title='bbox 504 3413 528 3457; x_wconf 86' lang='lat' dir='ltr'><strong>et</strong></span> <span class='ocrx_word' id='word_1_414' title='bbox 538 3423 598 3458; x_wconf 80' lang='grc' dir='ltr'><strong><em>ςοηιο</em></strong></span> <span class='ocrx_word' id='word_1_415' title='bbox 609 3409 661 3468; x_wconf 70' lang='lat' dir='ltr'><strong>deo·</strong></span> <span class='ocrx_word' id='word_1_416' title='bbox 696 3406 823 3455; x_wconf 85' lang='lat' dir='ltr'><strong>eundern:</strong></span> <span class='ocrx_word' id='word_1_417' title='bbox 851 3405 880 3453; x_wconf 79' lang='lat' dir='ltr'><strong>Al</strong></span> <span class='ocrx_word' id='word_1_418' title='bbox 897 3404 941 3465; x_wconf 77' lang='lat' dir='ltr'><strong>pin</strong></span> <span class='ocrx_word' id='word_1_419' title='bbox 961 3404 1067 3469; x_wconf 77' lang='grc' dir='ltr'><strong><em>ποδήρεις</em></strong></span> <span class='ocrx_word' id='word_1_420' title='bbox 1083 3405 1180 3463; x_wconf 72' lang='grc' dir='ltr'><strong><em>δοδΐπος</em></strong></span> <span class='ocrx_word' id='word_1_421' title='bbox 1197 3405 1231 3454; x_wconf 72' lang='lat' dir='ltr'><strong>mi</strong></span> 
     </span>
     <span class='ocr_line' id='line_1_42' title="bbox 128 3480 1257 3548; baseline -0.001 -15"><span class='ocrx_word' id='word_1_422' title='bbox 128 3489 209 3533; x_wconf 79' lang='lat' dir='ltr'><strong>teram</strong></span> <span class='ocrx_word' id='word_1_423' title='bbox 220 3482 315 3544; x_wconf 79' lang='lat' dir='ltr'><strong>foetus,</strong></span> <span class='ocrx_word' id='word_1_424' title='bbox 333 3499 379 3533; x_wconf 80' lang='lat' dir='ltr'><strong>non</strong></span> <span class='ocrx_word' id='word_1_425' title='bbox 398 3484 460 3531; x_wconf 81' lang='lat' dir='ltr'><strong>soles</strong></span> <span class='ocrx_word' id='word_1_426' title='bbox 470 3485 546 3533; x_wconf 73' lang='lat' dir='ltr'><strong>odino</strong></span> <span class='ocrx_word' id='word_1_427' title='bbox 554 3485 661 3548; x_wconf 77' lang='lat' dir='ltr'><strong>periendo</strong></span> <span class='ocrx_word' id='word_1_428' title='bbox 697 3482 803 3544; x_wconf 68' lang='grc' dir='ltr'><strong>σώματος,</strong></span> <span class='ocrx_word' id='word_1_429' title='bbox 816 3481 840 3529; x_wconf 86' lang='lat' dir='ltr'><strong>oi</strong></span> <span class='ocrx_word' id='word_1_430' title='bbox 857 3480 883 3530; x_wconf 83' lang='lat' dir='ltr'><strong>di</strong></span> <span class='ocrx_word' id='word_1_431' title='bbox 901 3480 1036 3545; x_wconf 71' lang='lat' dir='ltr'><strong>inipperpos</strong></span> <span class='ocrx_word' id='word_1_432' title='bbox 1051 3481 1176 3545; x_wconf 66' lang='grc' dir='ltr'><strong><em>περιουσίας</em></strong></span> <span class='ocrx_word' id='word_1_433' title='bbox 1186 3483 1231 3533; x_wconf 73' lang='lat' dir='ltr'><strong>ris</strong></span> <span class='ocrx_word' id='word_1_434' title='bbox 1255 3497 1257 3500; x_wconf 71' lang='grc'>’</span> 
     </span>
     <span class='ocr_line' id='line_1_43' title="bbox 127 3557 1244 3625; baseline -0.003 -16"><span class='ocrx_word' id='word_1_435' title='bbox 127 3560 211 3609; x_wconf 75' lang='lat' dir='ltr'><strong>edire:</strong></span> <span class='ocrx_word' id='word_1_436' title='bbox 242 3558 377 3609; x_wconf 84' lang='lat' dir='ltr'><strong>Plutarch.</strong></span> <span class='ocrx_word' id='word_1_437' title='bbox 390 3557 522 3624; x_wconf 83' lang='lat' dir='ltr'><strong>Apophth.</strong></span> <span class='ocrx_word' id='word_1_438' title='bbox 535 3566 660 3625; x_wconf 81' lang='lat' dir='ltr'><strong>cepido.</strong></span> <span class='ocrx_word' id='word_1_439' title='bbox 697 3559 774 3623; x_wconf 75' lang='grc' dir='ltr'><strong><em>ψνχδς</em></strong></span> <span class='ocrx_word' id='word_1_440' title='bbox 785 3558 955 3621; x_wconf 66' lang='grc' dir='ltr'><strong><em>ἐμποδίζουσιν.</em></strong></span> <span class='ocrx_word' id='word_1_441' title='bbox 982 3560 1047 3608; x_wconf 82' lang='lat' dir='ltr'><strong>Gsd.</strong></span> <span class='ocrx_word' id='word_1_442' title='bbox 1239 3604 1244 3615; x_wconf 88' lang='grc'><strong>,</strong></span> 
     </span>
     <span class='ocr_line' id='line_1_44' title="bbox 128 3634 1229 3703; baseline 0.003 -18"><span class='ocrx_word' id='word_1_443' title='bbox 128 3634 245 3698; x_wconf 82' lang='lat' dir='ltr'><strong>Propter</strong></span> <span class='ocrx_word' id='word_1_444' title='bbox 256 3636 379 3685; x_wconf 88' lang='lat' dir='ltr'><strong>lemmata</strong></span> <span class='ocrx_word' id='word_1_445' title='bbox 391 3650 454 3687; x_wconf 86' lang='lat' dir='ltr'><strong>vero</strong></span> <span class='ocrx_word' id='word_1_446' title='bbox 470 3637 567 3686; x_wconf 76' lang='lat' dir='ltr'><strong>frustm</strong></span> <span class='ocrx_word' id='word_1_447' title='bbox 584 3638 661 3687; x_wconf 78' lang='lat' dir='ltr'><strong>th-</strong></span> <span class='ocrx_word' id='word_1_448' title='bbox 731 3638 794 3700; x_wconf 85' lang='lat' dir='ltr'><strong>Opes</strong></span> <span class='ocrx_word' id='word_1_449' title='bbox 811 3637 894 3685; x_wconf 68' lang='grc' dir='ltr'><strong>ὁποίοις</strong></span> <span class='ocrx_word' id='word_1_450' title='bbox 913 3636 997 3685; x_wconf 82' lang='lat' dir='ltr'><strong>merito</strong></span> <span class='ocrx_word' id='word_1_451' title='bbox 1019 3635 1151 3696; x_wconf 74' lang='lat' dir='ltr'><strong>mulserit</strong></span> <span class='ocrx_word' id='word_1_452' title='bbox 1166 3636 1229 3703; x_wconf 84' lang='lat' dir='ltr'><strong>nim]</strong></span> 
     </span>
    </p>
   </div>
   <div class='ocr_carea' id='block_1_7' title="bbox 127 3709 1233 4238">
    <p class='ocr_par' dir='ltr' id='par_1_8' title="bbox 127 3709 1233 4238">
     <span class='ocr_line' id='line_1_45' title="bbox 127 3709 1230 3778; baseline 0.005 -20"><span class='ocrx_word' id='word_1_453' title='bbox 127 3709 205 3759; x_wconf 86' lang='lat' dir='ltr'><strong>drum</strong></span> <span class='ocrx_word' id='word_1_454' title='bbox 224 3712 341 3761; x_wconf 83' lang='lat' dir='ltr'><strong>accusari</strong></span> <span class='ocrx_word' id='word_1_455' title='bbox 361 3726 428 3761; x_wconf 87' lang='lat' dir='ltr'><strong>reor.</strong></span> <span class='ocrx_word' id='word_1_456' title='bbox 463 3712 531 3763; x_wconf 83' lang='lat' dir='ltr'><strong>Nem</strong></span> <span class='ocrx_word' id='word_1_457' title='bbox 546 3713 662 3770; x_wconf 85' lang='lat' dir='ltr'><strong>illumes</strong></span> <span class='ocrx_word' id='word_1_458' title='bbox 699 3712 853 3763; x_wconf 84' lang='lat' dir='ltr'><strong>Onosender</strong></span> <span class='ocrx_word' id='word_1_459' title='bbox 863 3711 979 3775; x_wconf 76' lang='lat' dir='ltr'><strong>Strateg.</strong></span> <span class='ocrx_word' id='word_1_460' title='bbox 991 3725 1051 3775; x_wconf 86' lang='lat' dir='ltr'><strong>cap.</strong></span> <span class='ocrx_word' id='word_1_461' title='bbox 1064 3716 1087 3761; x_wconf 89' lang='lat'><strong>1.</strong></span> <span class='ocrx_word' id='word_1_462' title='bbox 1103 3711 1131 3761; x_wconf 83' lang='lat' dir='ltr'><strong>‘ll</strong></span> <span class='ocrx_word' id='word_1_463' title='bbox 1148 3714 1230 3778; x_wconf 74' lang='lat' dir='ltr'><strong>l&#39;toe·</strong></span> 
     </span>
     <span class='ocr_line' id='line_1_46' title="bbox 128 3784 1233 3855; baseline 0.005 -20"><span class='ocrx_word' id='word_1_464' title='bbox 128 3784 235 3852; x_wconf 84' lang='lat' dir='ltr'><strong>quidem</strong></span> <span class='ocrx_word' id='word_1_465' title='bbox 241 3786 375 3850; x_wconf 87' lang='lat' dir='ltr'><strong>scripsisse</strong></span> <span class='ocrx_word' id='word_1_466' title='bbox 383 3801 433 3836; x_wconf 91' lang='lat' dir='ltr'><strong>non</strong></span> <span class='ocrx_word' id='word_1_467' title='bbox 441 3788 573 3838; x_wconf 83' lang='lat' dir='ltr'><strong>existimo:</strong></span> <span class='ocrx_word' id='word_1_468' title='bbox 584 3802 662 3854; x_wconf 88' lang='lat' dir='ltr'><strong>quum</strong></span> <span class='ocrx_word' id='word_1_469' title='bbox 697 3787 811 3852; x_wconf 72' lang='grc' dir='ltr'><strong>λορρυρίο</strong></span> <span class='ocrx_word' id='word_1_470' title='bbox 821 3785 1016 3848; x_wconf 73' lang='grc' dir='ltr'><strong><em>δοκιροοθήοοτπο</em></strong></span> <span class='ocrx_word' id='word_1_471' title='bbox 1031 3787 1070 3837; x_wconf 80' lang='lat' dir='ltr'><strong>eci</strong></span> <span class='ocrx_word' id='word_1_472' title='bbox 1080 3789 1169 3854; x_wconf 72' lang='grc' dir='ltr'><strong><em>πρύςη.</em></strong></span> <span class='ocrx_word' id='word_1_473' title='bbox 1186 3792 1233 3855; x_wconf 67' lang='grc' dir='ltr'><strong>τοῦ</strong></span> 
     </span>
     <span class='ocr_line' id='line_1_47' title="bbox 128 3863 1230 3932; baseline 0.005 -18"><span class='ocrx_word' id='word_1_474' title='bbox 128 3873 184 3914; x_wconf 77' lang='lat' dir='ltr'><strong>tam</strong></span> <span class='ocrx_word' id='word_1_475' title='bbox 201 3863 267 3919; x_wconf 81' lang='lat' dir='ltr'><strong>maie</strong></span> <span class='ocrx_word' id='word_1_476' title='bbox 286 3865 416 3928; x_wconf 86' lang='lat' dir='ltr'><strong>quadrent</strong></span> <span class='ocrx_word' id='word_1_477' title='bbox 431 3863 544 3914; x_wconf 78' lang='lat' dir='ltr'><strong>fabulis:</strong></span> <span class='ocrx_word' id='word_1_478' title='bbox 562 3871 592 3915; x_wconf 86' lang='lat' dir='ltr'><strong>ut</strong></span> <span class='ocrx_word' id='word_1_479' title='bbox 608 3864 660 3915; x_wconf 80' lang='lat' dir='ltr'><strong>t‘sb.</strong></span> <span class='ocrx_word' id='word_1_480' title='bbox 697 3866 745 3929; x_wconf 73' lang='lat' dir='ltr'><strong>pdp</strong></span> <span class='ocrx_word' id='word_1_481' title='bbox 769 3864 945 3928; x_wconf 65' lang='grc' dir='ltr'><strong>ἀδωροδοκήτως</strong></span> <span class='ocrx_word' id='word_1_482' title='bbox 978 3865 1018 3915; x_wconf 77' lang='lat' dir='ltr'><strong>eci</strong></span> <span class='ocrx_word' id='word_1_483' title='bbox 1048 3868 1230 3932; x_wconf 71' lang='lat' dir='ltr'><strong>pepotoppdms</strong></span> 
     </span>
     <span class='ocr_line' id='line_1_48' title="bbox 128 3937 1229 4006; baseline 0.002 -16"><span class='ocrx_word' id='word_1_484' title='bbox 128 3942 171 3990; x_wconf 82' lang='grc' dir='ltr'><strong>δδ.</strong></span> <span class='ocrx_word' id='word_1_485' title='bbox 188 3937 282 3989; x_wconf 79' lang='lat' dir='ltr'><strong>‘linus</strong></span> <span class='ocrx_word' id='word_1_486' title='bbox 293 3939 402 4004; x_wconf 75' lang='lat' dir='ltr'><strong>diligens</strong></span> <span class='ocrx_word' id='word_1_487' title='bbox 413 3940 538 4004; x_wconf 81' lang='lat' dir='ltr'><strong>juvenem</strong></span> <span class='ocrx_word' id='word_1_488' title='bbox 548 3940 564 3990; x_wconf 78' lang='grc' dir='ltr'><strong>ς’</strong></span> <span class='ocrx_word' id='word_1_489' title='bbox 582 3956 661 4006; x_wconf 88' lang='lat' dir='ltr'><strong>quum</strong></span> <span class='ocrx_word' id='word_1_490' title='bbox 697 3941 851 4006; x_wconf 73' lang='grc' dir='ltr'><strong><em>προΐοςαοθοο</em></strong></span> <span class='ocrx_word' id='word_1_491' title='bbox 874 3945 923 3991; x_wconf 74' lang='grc' dir='ltr'><strong>οὓς</strong></span> <span class='ocrx_word' id='word_1_492' title='bbox 942 3939 1086 4005; x_wconf 63' lang='grc' dir='ltr'><strong><em>πραγμάτων</em></strong></span> <span class='ocrx_word' id='word_1_493' title='bbox 1106 3944 1166 4002; x_wconf 67' lang='lat' dir='ltr'><strong>otri</strong></span> <span class='ocrx_word' id='word_1_494' title='bbox 1186 3962 1229 3992; x_wconf 82' lang='grc' dir='ltr'><strong>πο-</strong></span> 
     </span>
     <span class='ocr_line' id='line_1_49' title="bbox 127 4015 1229 4085; baseline 0.001 -17"><span class='ocrx_word' id='word_1_495' title='bbox 127 4015 422 4079; x_wconf 74' lang='lat' dir='ltr'><strong>ditectompouusqoam</strong></span> <span class='ocrx_word' id='word_1_496' title='bbox 433 4015 571 4078; x_wconf 70' lang='lat' dir='ltr'><strong>diligentem</strong></span> <span class='ocrx_word' id='word_1_497' title='bbox 587 4016 661 4065; x_wconf 91' lang='lat' dir='ltr'><strong>indu·</strong></span> <span class='ocrx_word' id='word_1_498' title='bbox 697 4017 782 4082; x_wconf 78' lang='grc' dir='ltr'><strong><em>ρποςῐο.</em></strong></span> <span class='ocrx_word' id='word_1_499' title='bbox 813 4018 968 4083; x_wconf 74' lang='grc' dir='ltr'><strong><em>Πολλοδγδρ,</em></strong></span> <span class='ocrx_word' id='word_1_500' title='bbox 980 4018 1229 4085; x_wconf 74' lang='grc' dir='ltr'><strong><em>κδνδιδπὴνδνδρίοο</em></strong></span> 
     </span>
     <span class='ocr_line' id='line_1_50' title="bbox 129 4089 1228 4159; baseline 0.006 -20"><span class='ocrx_word' id='word_1_501' title='bbox 129 4095 176 4143; x_wconf 84' lang='lat' dir='ltr'><strong>cat</strong></span> <span class='ocrx_word' id='word_1_502' title='bbox 193 4089 297 4140; x_wconf 79' lang='lat' dir='ltr'><strong>sebnia:</strong></span> <span class='ocrx_word' id='word_1_503' title='bbox 317 4092 393 4140; x_wconf 80' lang='lat' dir='ltr'><strong>uirum</strong></span> <span class='ocrx_word' id='word_1_504' title='bbox 414 4098 501 4142; x_wconf 82' lang='lat' dir='ltr'><strong>antem</strong></span> <span class='ocrx_word' id='word_1_505' title='bbox 518 4093 600 4142; x_wconf 75' lang='lat' dir='ltr'><strong>utatis</strong></span> <span class='ocrx_word' id='word_1_506' title='bbox 615 4107 661 4142; x_wconf 90' lang='lat' dir='ltr'><strong>me·</strong></span> <span class='ocrx_word' id='word_1_507' title='bbox 697 4094 780 4144; x_wconf 76' lang='grc' dir='ltr'><strong><em>δοπῐοο</em></strong></span> <span class='ocrx_word' id='word_1_508' title='bbox 798 4097 900 4145; x_wconf 72' lang='grc' dir='ltr'><strong><em>πολλοῖς</em></strong></span> <span class='ocrx_word' id='word_1_509' title='bbox 916 4095 955 4144; x_wconf 78' lang='lat' dir='ltr'><strong>eci</strong></span> <span class='ocrx_word' id='word_1_510' title='bbox 974 4094 1068 4159; x_wconf 79' lang='grc' dir='ltr'><strong><em>δδροοιο</em></strong></span> <span class='ocrx_word' id='word_1_511' title='bbox 1084 4093 1228 4158; x_wconf 67' lang='grc' dir='ltr'><strong>ἀποβλέψο-</strong></span> 
     </span>
     <span class='ocr_line' id='line_1_51' title="bbox 128 4165 1203 4238; baseline 0.009 -22"><span class='ocrx_word' id='word_1_512' title='bbox 128 4165 193 4219; x_wconf 78' lang='lat' dir='ltr'><strong>dia.-</strong></span> <span class='ocrx_word' id='word_1_513' title='bbox 204 4179 256 4218; x_wconf 88' lang='lat' dir='ltr'><strong>non</strong></span> <span class='ocrx_word' id='word_1_514' title='bbox 267 4165 450 4228; x_wconf 75' lang='lat' dir='ltr'><strong>rerojsneaem.</strong></span> <span class='ocrx_word' id='word_1_515' title='bbox 464 4167 571 4231; x_wconf 83' lang='lat' dir='ltr'><strong>Inspice</strong></span> <span class='ocrx_word' id='word_1_516' title='bbox 583 4168 661 4220; x_wconf 80' lang='lat' dir='ltr'><strong>etism</strong></span> <span class='ocrx_word' id='word_1_517' title='bbox 697 4187 745 4237; x_wconf 75' lang='lat' dir='ltr'><strong>om,</strong></span> <span class='ocrx_word' id='word_1_518' title='bbox 754 4170 805 4236; x_wconf 77' lang='grc' dir='ltr'><strong><em>πιρδ</em></strong></span> <span class='ocrx_word' id='word_1_519' title='bbox 813 4171 857 4222; x_wconf 73' lang='lat' dir='ltr'><strong>ris</strong></span> <span class='ocrx_word' id='word_1_520' title='bbox 866 4171 954 4237; x_wconf 82' lang='grc' dir='ltr'><strong><em>χροοδν</em></strong></span> <span class='ocrx_word' id='word_1_521' title='bbox 964 4169 1125 4235; x_wconf 75' lang='lat' dir='ltr'><strong>dpovpsirrm</strong></span> <span class='ocrx_word' id='word_1_522' title='bbox 1142 4171 1203 4238; x_wconf 60' lang='lat' dir='ltr'><strong>iiten</strong></span> 
     </span>
    </p>
   </div>
   <div class='ocr_carea' id='block_1_8' title="bbox 0 0 1367 4696">
    <p class='ocr_par' dir='ltr' id='par_1_9' title="bbox 0 0 1367 4696">
     <span class='ocr_line' id='line_1_52' title="bbox 0 0 1367 4696; baseline 0 0"><span class='ocrx_word' id='word_1_523' title='bbox 0 0 1367 4696; x_wconf 95' lang='lat' dir='ltr'><strong> </strong></span> 
     </span>
    </p>
   </div>
  </div>
 </body>
</html>
