<?xml version="1.0" encoding="UTF-8"?>
<!DOCTYPE html PUBLIC "-//W3C//DTD XHTML 1.0 Transitional//EN"
    "http://www.w3.org/TR/xhtml1/DTD/xhtml1-transitional.dtd">
<html xmlns="http://www.w3.org/1999/xhtml" xml:lang="en" lang="en">
 <head>
  <title>
</title>
<meta http-equiv="Content-Type" content="text/html;charset=utf-8" />
  <meta name='ocr-system' content='tesseract 3.04.00' />
  <meta name='ocr-capabilities' content='ocr_page ocr_carea ocr_par ocr_line ocrx_word'/>
</head>
<body>
  <div class='ocr_page' id='page_1' title='image "./phaedriaugustil01phaegoog_0617.png"; bbox 0 0 2714 4696; ppageno 0'>
   <div class='ocr_carea' id='block_1_1' title="bbox 119 283 929 350">
    <p class='ocr_par' dir='ltr' id='par_1_1' title="bbox 119 283 929 350">
     <span class='ocr_line' id='line_1_1' title="bbox 119 283 929 350; baseline -0.014 0"><span class='ocrx_word' id='word_1_1' title='bbox 119 287 131 307; x_wconf 84' lang='lat'>&#39;</span> <span class='ocrx_word' id='word_1_2' title='bbox 167 283 236 350; x_wconf 74' lang='lat'>602</span> <span class='ocrx_word' id='word_1_3' title='bbox 525 290 635 342; x_wconf 76' lang='lat' dir='ltr'>reorn</span> <span class='ocrx_word' id='word_1_4' title='bbox 658 288 863 341; x_wconf 80' lang='lat' dir='ltr'>vunronuu</span> <span class='ocrx_word' id='word_1_5' title='bbox 885 288 929 340; x_wconf 81' lang='lat' dir='ltr'>au</span> 
     </span>
    </p>
   </div>
   <div class='ocr_carea' id='block_1_2' title="bbox 167 420 1273 809">
    <p class='ocr_par' dir='ltr' id='par_1_2' title="bbox 167 420 1273 809">
     <span class='ocr_line' id='line_1_2' title="bbox 167 420 1270 498; baseline -0.005 -9"><span class='ocrx_word' id='word_1_6' title='bbox 167 437 281 489; x_wconf 80' lang='lat' dir='ltr'>humeris</span> <span class='ocrx_word' id='word_1_7' title='bbox 299 429 483 485; x_wconf 70' lang='lat' dir='ltr'>moerebant&#39;</span> <span class='ocrx_word' id='word_1_8' title='bbox 516 433 552 482; x_wconf 83' lang='lat' dir='ltr'>Et</span> <span class='ocrx_word' id='word_1_9' title='bbox 569 431 607 482; x_wconf 83' lang='lat' dir='ltr'>sic</span> <span class='ocrx_word' id='word_1_10' title='bbox 622 430 701 495; x_wconf 86' lang='lat' dir='ltr'>plane</span> <span class='ocrx_word' id='word_1_11' title='bbox 740 432 860 482; x_wconf 79' lang='lat' dir='ltr'>eradere.</span> <span class='ocrx_word' id='word_1_12' title='bbox 886 420 937 483; x_wconf 74' lang='lat' dir='ltr'>&#39;lto</span> <span class='ocrx_word' id='word_1_13' title='bbox 954 429 1121 484; x_wconf 81' lang='lat' dir='ltr'>‘enitantur&#39;</span> <span class='ocrx_word' id='word_1_14' title='bbox 1141 432 1270 498; x_wconf 83' lang='lat' dir='ltr'>eqniaoiis</span> 
     </span>
     <span class='ocr_line' id='line_1_3' title="bbox 168 506 1184 574; baseline -0.007 -8"><span class='ocrx_word' id='word_1_15' title='bbox 168 527 264 566; x_wconf 82' lang='lat' dir='ltr'>censeo</span> <span class='ocrx_word' id='word_1_16' title='bbox 281 509 434 574; x_wconf 73' lang='lat' dir='ltr'>legendum:</span> <span class='ocrx_word' id='word_1_17' title='bbox 455 506 537 572; x_wconf 85' lang='lat' dir='ltr'>prima</span> <span class='ocrx_word' id='word_1_18' title='bbox 555 507 653 570; x_wconf 86' lang='lat' dir='ltr'>syllaba</span> <span class='ocrx_word' id='word_1_19' title='bbox 672 506 700 556; x_wconf 91' lang='lat' dir='ltr'>in</span> <span class='ocrx_word' id='word_1_20' title='bbox 741 509 810 574; x_wconf 87' lang='lat' dir='ltr'>apud</span> <span class='ocrx_word' id='word_1_21' title='bbox 822 508 902 559; x_wconf 76' lang='lat' dir='ltr'>ouo.</span> <span class='ocrx_word' id='word_1_22' title='bbox 913 509 980 559; x_wconf 79' lang='lat' dir='ltr'>Met.</span> <span class='ocrx_word' id='word_1_23' title='bbox 991 521 1022 560; x_wconf 86' lang='grc' dir='ltr'>ιι.</span> <span class='ocrx_word' id='word_1_24' title='bbox 1032 512 1073 559; x_wconf 74' lang='grc'>64.</span> <span class='ocrx_word' id='word_1_25' title='bbox 1091 509 1184 559; x_wconf 76' lang='lat' dir='ltr'>Bam.</span> 
     </span>
     <span class='ocr_line' id='line_1_4' title="bbox 168 584 1273 651; baseline 0.002 -16"><span class='ocrx_word' id='word_1_26' title='bbox 168 590 253 641; x_wconf 58' lang='lat' dir='ltr'>halcu</span> <span class='ocrx_word' id='word_1_27' title='bbox 264 593 372 651; x_wconf 87' lang='lat' dir='ltr'>propter</span> <span class='ocrx_word' id='word_1_28' title='bbox 385 584 579 635; x_wconf 87' lang='lat' dir='ltr'>similitudinem</span> <span class='ocrx_word' id='word_1_29' title='bbox 590 597 700 648; x_wconf 86' lang='lat' dir='ltr'>sequen·</span> <span class='ocrx_word' id='word_1_30' title='bbox 774 589 804 635; x_wconf 77' lang='lat'>12</span> <span class='ocrx_word' id='word_1_31' title='bbox 822 585 980 650; x_wconf 69' lang='lat' dir='ltr'>Hircumque]</span> <span class='ocrx_word' id='word_1_32' title='bbox 996 586 1047 635; x_wconf 75' lang='lat' dir='ltr'>Mo.</span> <span class='ocrx_word' id='word_1_33' title='bbox 1061 586 1185 636; x_wconf 67' lang='lat' dir='ltr'>riman.</span> <span class='ocrx_word' id='word_1_34' title='bbox 1208 586 1273 637; x_wconf 83' lang='lat' dir='ltr'>Gutl.</span> 
     </span>
     <span class='ocr_line' id='line_1_5' title="bbox 168 658 1273 725; baseline -0.003 -8"><span class='ocrx_word' id='word_1_35' title='bbox 168 666 203 716; x_wconf 80' lang='lat' dir='ltr'>tle</span> <span class='ocrx_word' id='word_1_36' title='bbox 214 663 313 714; x_wconf 79' lang='lat' dir='ltr'>extrita</span> <span class='ocrx_word' id='word_1_37' title='bbox 329 661 371 710; x_wconf 86' lang='lat' dir='ltr'>rcl</span> <span class='ocrx_word' id='word_1_38' title='bbox 390 660 485 710; x_wconf 87' lang='lat' dir='ltr'>omissa</span> <span class='ocrx_word' id='word_1_39' title='bbox 501 664 542 709; x_wconf 86' lang='lat' dir='ltr'>est</span> <span class='ocrx_word' id='word_1_40' title='bbox 560 658 699 708; x_wconf 88' lang='lat' dir='ltr'>alibrario.</span> <span class='ocrx_word' id='word_1_41' title='bbox 774 661 872 725; x_wconf 69' lang='lat' dir='ltr'>Claro]</span> <span class='ocrx_word' id='word_1_42' title='bbox 897 662 1012 725; x_wconf 89' lang='lat' dir='ltr'>Propter</span> <span class='ocrx_word' id='word_1_43' title='bbox 1034 662 1154 714; x_wconf 76' lang='lat' dir='ltr'>oleosum</span> <span class='ocrx_word' id='word_1_44' title='bbox 1183 663 1273 714; x_wconf 72' lang='lat' dir='ltr'>radun</span> 
     </span>
     <span class='ocr_line' id='line_1_6' title="bbox 167 734 1144 809; baseline -0.002 -21"><span class='ocrx_word' id='word_1_45' title='bbox 167 741 250 801; x_wconf 72' lang='lat' dir='ltr'>Scies.</span> <span class='ocrx_word' id='word_1_46' title='bbox 292 738 404 801; x_wconf 84' lang='lat' dir='ltr'>Dubito,</span> <span class='ocrx_word' id='word_1_47' title='bbox 430 737 491 802; x_wconf 87' lang='lat' dir='ltr'>quia</span> <span class='ocrx_word' id='word_1_48' title='bbox 512 736 638 809; x_wconf 49' lang='lat' dir='ltr'>&amp;sitim</span> <span class='ocrx_word' id='word_1_49' title='bbox 659 734 698 784; x_wconf 81' lang='lat' dir='ltr'>rei</span> <span class='ocrx_word' id='word_1_50' title='bbox 740 736 830 801; x_wconf 76' lang='lat' dir='ltr'>egredi</span> <span class='ocrx_word' id='word_1_51' title='bbox 841 750 892 786; x_wconf 91' lang='lat' dir='ltr'>non</span> <span class='ocrx_word' id='word_1_52' title='bbox 903 738 1041 788; x_wconf 80' lang='lat' dir='ltr'>valentem.</span> <span class='ocrx_word' id='word_1_53' title='bbox 1063 736 1144 800; x_wconf 69' lang='lat' dir='ltr'>Soles.</span> 
     </span>
    </p>
   </div>
   <div class='ocr_carea' id='block_1_3' title="bbox 63 811 1273 878">
    <p class='ocr_par' dir='ltr' id='par_1_3' title="bbox 63 811 1273 878">
     <span class='ocr_line' id='line_1_7' title="bbox 63 811 1273 878; baseline -0.003 -11"><span class='ocrx_word' id='word_1_54' title='bbox 63 868 67 875; x_wconf 75' lang='grc'><strong>,</strong></span> <span class='ocrx_word' id='word_1_55' title='bbox 167 813 557 878; x_wconf 74' lang='lat' dir='ltr'>infrenospoaitae,velsultcrn</span> <span class='ocrx_word' id='word_1_56' title='bbox 569 824 698 876; x_wconf 86' lang='lat' dir='ltr'>eequuno·</span> <span class='ocrx_word' id='word_1_57' title='bbox 771 811 922 876; x_wconf 70' lang='lat' dir='ltr'>florentem]</span> <span class='ocrx_word' id='word_1_58' title='bbox 940 813 1092 877; x_wconf 67' lang='lat' dir='ltr'>Eleganter,</span> <span class='ocrx_word' id='word_1_59' title='bbox 1110 814 1139 863; x_wconf 93' lang='lat' dir='ltr'>in</span> <span class='ocrx_word' id='word_1_60' title='bbox 1152 820 1273 878; x_wconf 77' lang='lat' dir='ltr'>respectu</span> 
     </span>
    </p>
   </div>
   <div class='ocr_carea' id='block_1_4' title="bbox 166 884 1276 2017">
    <p class='ocr_par' dir='ltr' id='par_1_4' title="bbox 166 884 1276 1941">
     <span class='ocr_line' id='line_1_8' title="bbox 167 884 1274 953; baseline -0.01 -10"><span class='ocrx_word' id='word_1_61' title='bbox 167 892 207 943; x_wconf 83' lang='lat' dir='ltr'>bis</span> <span class='ocrx_word' id='word_1_62' title='bbox 219 889 365 951; x_wconf 85' lang='lat' dir='ltr'>altitudine,</span> <span class='ocrx_word' id='word_1_63' title='bbox 381 887 427 937; x_wconf 86' lang='lat' dir='ltr'>sed</span> <span class='ocrx_word' id='word_1_64' title='bbox 447 887 487 937; x_wconf 88' lang='lat' dir='ltr'>hic</span> <span class='ocrx_word' id='word_1_65' title='bbox 503 887 594 951; x_wconf 83' lang='lat' dir='ltr'>vulpes</span> <span class='ocrx_word' id='word_1_66' title='bbox 606 900 621 934; x_wconf 83' lang='lat' dir='ltr'>c</span> <span class='ocrx_word' id='word_1_67' title='bbox 632 884 698 935; x_wconf 80' lang='lat' dir='ltr'>vodo</span> <span class='ocrx_word' id='word_1_68' title='bbox 738 890 771 939; x_wconf 83' lang='lat' dir='ltr'>ad</span> <span class='ocrx_word' id='word_1_69' title='bbox 782 887 962 939; x_wconf 84' lang='lat' dir='ltr'>difficultatem</span> <span class='ocrx_word' id='word_1_70' title='bbox 978 890 1109 953; x_wconf 83' lang='lat' dir='ltr'>elabendi,</span> <span class='ocrx_word' id='word_1_71' title='bbox 1126 906 1159 941; x_wconf 73' lang='lat' dir='ltr'>nc</span> <span class='ocrx_word' id='word_1_72' title='bbox 1169 892 1274 943; x_wconf 66' lang='lat' dir='ltr'>incerti.</span> 
     </span>
     <span class='ocr_line' id='line_1_9' title="bbox 167 962 1275 1031; baseline 0 -13"><span class='ocrx_word' id='word_1_73' title='bbox 167 968 262 1019; x_wconf 82' lang='lat' dir='ltr'>nititur</span> <span class='ocrx_word' id='word_1_74' title='bbox 282 966 307 1015; x_wconf 90' lang='lat' dir='ltr'>in</span> <span class='ocrx_word' id='word_1_75' title='bbox 325 978 423 1014; x_wconf 87' lang='lat' dir='ltr'>cornua</span> <span class='ocrx_word' id='word_1_76' title='bbox 444 963 518 1027; x_wconf 82' lang='lat' dir='ltr'>hirci,</span> <span class='ocrx_word' id='word_1_77' title='bbox 535 969 563 1012; x_wconf 87' lang='lat' dir='ltr'>et</span> <span class='ocrx_word' id='word_1_78' title='bbox 582 962 619 1011; x_wconf 92' lang='lat' dir='ltr'>ita</span> <span class='ocrx_word' id='word_1_79' title='bbox 640 975 698 1011; x_wconf 81' lang='lat' dir='ltr'>cuni</span> <span class='ocrx_word' id='word_1_80' title='bbox 739 965 857 1016; x_wconf 82' lang='lat' dir='ltr'>tudinem</span> <span class='ocrx_word' id='word_1_81' title='bbox 868 965 969 1016; x_wconf 86' lang='lat' dir='ltr'>consilii</span> <span class='ocrx_word' id='word_1_82' title='bbox 986 966 1012 1015; x_wconf 92' lang='lat' dir='ltr'>in</span> <span class='ocrx_word' id='word_1_83' title='bbox 1025 967 1094 1016; x_wconf 77' lang='lat' dir='ltr'>mulo</span> <span class='ocrx_word' id='word_1_84' title='bbox 1106 967 1275 1031; x_wconf 65' lang='lat' dir='ltr'>purentissi-</span> 
     </span>
     <span class='ocr_line' id='line_1_10' title="bbox 168 1038 1274 1110; baseline -0.005 -14"><span class='ocrx_word' id='word_1_85' title='bbox 168 1054 259 1110; x_wconf 82' lang='lat' dir='ltr'>posset</span> <span class='ocrx_word' id='word_1_86' title='bbox 274 1041 374 1107; x_wconf 76' lang='lat' dir='ltr'>assequi</span> <span class='ocrx_word' id='word_1_87' title='bbox 394 1041 535 1102; x_wconf 67' lang='lat' dir='ltr'>marginem</span> <span class='ocrx_word' id='word_1_88' title='bbox 547 1038 629 1104; x_wconf 89' lang='lat' dir='ltr'>putei,</span> <span class='ocrx_word' id='word_1_89' title='bbox 639 1052 699 1088; x_wconf 82' lang='lat' dir='ltr'>eva·</span> <span class='ocrx_word' id='word_1_90' title='bbox 739 1057 790 1093; x_wconf 83' lang='lat' dir='ltr'>mo.</span> <span class='ocrx_word' id='word_1_91' title='bbox 823 1041 879 1091; x_wconf 80' lang='lat' dir='ltr'>Cic.</span> <span class='ocrx_word' id='word_1_92' title='bbox 891 1039 973 1092; x_wconf 79' lang='lat' dir='ltr'>Aced.</span> <span class='ocrx_word' id='word_1_93' title='bbox 984 1055 1004 1090; x_wconf 92' lang='grc' dir='ltr'>ι.</span> <span class='ocrx_word' id='word_1_94' title='bbox 1022 1041 1176 1091; x_wconf 73' lang='lat' dir='ltr'>‘Haerebat</span> <span class='ocrx_word' id='word_1_95' title='bbox 1194 1041 1274 1092; x_wconf 84' lang='lat' dir='ltr'>nebu·</span> 
     </span>
     <span class='ocr_line' id='line_1_11' title="bbox 167 1116 1275 1185; baseline -0.004 -13"><span class='ocrx_word' id='word_1_96' title='bbox 167 1122 216 1172; x_wconf 85' lang='lat' dir='ltr'>dit.</span> <span class='ocrx_word' id='word_1_97' title='bbox 248 1121 335 1185; x_wconf 76' lang='lat' dir='ltr'>Quare</span> <span class='ocrx_word' id='word_1_98' title='bbox 356 1132 405 1182; x_wconf 76' lang='lat' dir='ltr'>ego</span> <span class='ocrx_word' id='word_1_99' title='bbox 432 1118 535 1167; x_wconf 83' lang='lat' dir='ltr'>mallem</span> <span class='ocrx_word' id='word_1_100' title='bbox 556 1116 630 1181; x_wconf 67' lang='lat' dir='ltr'>aisa,</span> <span class='ocrx_word' id='word_1_101' title='bbox 658 1116 699 1166; x_wconf 89' lang='lat' dir='ltr'>vel</span> <span class='ocrx_word' id='word_1_102' title='bbox 740 1119 784 1179; x_wconf 87' lang='lat' dir='ltr'>lo;</span> <span class='ocrx_word' id='word_1_103' title='bbox 801 1133 851 1183; x_wconf 90' lang='lat' dir='ltr'>quo</span> <span class='ocrx_word' id='word_1_104' title='bbox 873 1133 902 1167; x_wconf 86' lang='lat' dir='ltr'>se</span> <span class='ocrx_word' id='word_1_105' title='bbox 924 1123 1048 1180; x_wconf 81' lang='lat' dir='ltr'>verteret,</span> <span class='ocrx_word' id='word_1_106' title='bbox 1069 1133 1122 1168; x_wconf 93' lang='lat' dir='ltr'>non</span> <span class='ocrx_word' id='word_1_107' title='bbox 1143 1118 1275 1171; x_wconf 77' lang='lat' dir='ltr'>hsbelrot&#39;</span> 
     </span>
     <span class='ocr_line' id='line_1_12' title="bbox 166 1193 1274 1258; baseline 0.003 -15"><span class='ocrx_word' id='word_1_108' title='bbox 166 1195 340 1256; x_wconf 57' lang='lat' dir='ltr'>midest,</span> <span class='ocrx_word' id='word_1_109' title='bbox 351 1207 401 1258; x_wconf 87' lang='lat' dir='ltr'>ope</span> <span class='ocrx_word' id='word_1_110' title='bbox 413 1207 537 1243; x_wconf 88' lang='lat' dir='ltr'>cornuum</span> <span class='ocrx_word' id='word_1_111' title='bbox 546 1193 698 1243; x_wconf 77' lang='lat' dir='ltr'>ascendens.</span> <span class='ocrx_word' id='word_1_112' title='bbox 739 1194 819 1256; x_wconf 64' lang='grc' dir='ltr'>ΒΜ.</span> <span class='ocrx_word' id='word_1_113' title='bbox 854 1196 895 1245; x_wconf 82' lang='lat' dir='ltr'>De</span> <span class='ocrx_word' id='word_1_114' title='bbox 912 1195 1020 1245; x_wconf 84' lang='lat' dir='ltr'>navibus</span> <span class='ocrx_word' id='word_1_115' title='bbox 1040 1195 1121 1256; x_wconf 79' lang='lat' dir='ltr'>dixit,</span> <span class='ocrx_word' id='word_1_116' title='bbox 1144 1197 1274 1247; x_wconf 68' lang='lat' dir='ltr'>‘neren</span> 
     </span>
     <span class='ocr_line' id='line_1_13' title="bbox 167 1269 1202 1335; baseline 0 -12"><span class='ocrx_word' id='word_1_117' title='bbox 167 1273 212 1323; x_wconf 83' lang='lat' dir='ltr'>illc</span> <span class='ocrx_word' id='word_1_118' title='bbox 231 1271 303 1320; x_wconf 86' lang='lat' dir='ltr'>‘Per</span> <span class='ocrx_word' id='word_1_119' title='bbox 314 1269 395 1319; x_wconf 84' lang='lat' dir='ltr'>ardua</span> <span class='ocrx_word' id='word_1_120' title='bbox 405 1269 488 1319; x_wconf 83' lang='lat' dir='ltr'>eniui’</span> <span class='ocrx_word' id='word_1_121' title='bbox 507 1269 580 1319; x_wconf 77' lang='lat' dir='ltr'>Cort.</span> <span class='ocrx_word' id='word_1_122' title='bbox 598 1283 648 1319; x_wconf 83' lang='grc' dir='ltr'><strong>νιι.</strong></span> <span class='ocrx_word' id='word_1_123' title='bbox 660 1273 699 1318; x_wconf 85' lang='lat'>11.</span> <span class='ocrx_word' id='word_1_124' title='bbox 739 1272 765 1322; x_wconf 94' lang='lat' dir='ltr'>in</span> <span class='ocrx_word' id='word_1_125' title='bbox 777 1271 860 1335; x_wconf 79' lang='lat' dir='ltr'>esdo,&#39;</span> <span class='ocrx_word' id='word_1_126' title='bbox 871 1273 963 1322; x_wconf 84' lang='lat' dir='ltr'>Florus</span> <span class='ocrx_word' id='word_1_127' title='bbox 975 1286 1018 1322; x_wconf 90' lang='grc' dir='ltr'><strong>ιιι.</strong></span> <span class='ocrx_word' id='word_1_128' title='bbox 1030 1276 1071 1323; x_wconf 82' lang='lat' dir='ltr'>ro.</span> <span class='ocrx_word' id='word_1_129' title='bbox 1082 1278 1111 1322; x_wconf 82' lang='lat' dir='ltr'>et</span> <span class='ocrx_word' id='word_1_130' title='bbox 1122 1286 1163 1322; x_wconf 85' lang='grc' dir='ltr'>ιι.</span> <span class='ocrx_word' id='word_1_131' title='bbox 1175 1278 1202 1323; x_wconf 73' lang='grc'>2.</span> 
     </span>
     <span class='ocr_line' id='line_1_14' title="bbox 167 1345 1274 1413; baseline 0.002 -15"><span class='ocrx_word' id='word_1_132' title='bbox 167 1345 699 1410; x_wconf 50' lang='lat' dir='ltr'>&amp;rennuentemutinstmmcntuquibus</span> <span class='ocrx_word' id='word_1_133' title='bbox 776 1347 853 1410; x_wconf 80' lang='lat' dir='ltr'>Vodo]</span> <span class='ocrx_word' id='word_1_134' title='bbox 879 1348 969 1397; x_wconf 71' lang='lat' dir='ltr'>Vnum</span> <span class='ocrx_word' id='word_1_135' title='bbox 987 1348 1079 1398; x_wconf 72' lang='lat' dir='ltr'>Poitis</span> <span class='ocrx_word' id='word_1_136' title='bbox 1099 1349 1185 1413; x_wconf 84' lang='lat' dir='ltr'>quieia</span> <span class='ocrx_word' id='word_1_137' title='bbox 1204 1350 1274 1400; x_wconf 78' lang='lat' dir='ltr'>locus</span> 
     </span>
     <span class='ocr_line' id='line_1_15' title="bbox 166 1420 1276 1489; baseline 0.002 -16"><span class='ocrx_word' id='word_1_138' title='bbox 166 1423 276 1473; x_wconf 86' lang='lat' dir='ltr'>enititur</span> <span class='ocrx_word' id='word_1_139' title='bbox 286 1422 313 1470; x_wconf 93' lang='lat' dir='ltr'>in</span> <span class='ocrx_word' id='word_1_140' title='bbox 328 1435 462 1483; x_wconf 84' lang='lat' dir='ltr'>summurn,</span> <span class='ocrx_word' id='word_1_141' title='bbox 482 1421 638 1471; x_wconf 82' lang='lat' dir='ltr'>considerari</span> <span class='ocrx_word' id='word_1_142' title='bbox 655 1420 699 1471; x_wconf 83' lang='lat' dir='ltr'>de·</span> <span class='ocrx_word' id='word_1_143' title='bbox 740 1423 851 1488; x_wconf 66' lang='lat' dir='ltr'>equoris</span> <span class='ocrx_word' id='word_1_144' title='bbox 862 1430 909 1473; x_wconf 89' lang='lat' dir='ltr'>aot</span> <span class='ocrx_word' id='word_1_145' title='bbox 919 1420 1038 1473; x_wconf 83' lang='lat' dir='ltr'>fluminis.</span> <span class='ocrx_word' id='word_1_146' title='bbox 1070 1424 1150 1478; x_wconf 83' lang='lat' dir='ltr'>Silius</span> <span class='ocrx_word' id='word_1_147' title='bbox 1160 1425 1276 1489; x_wconf 83' lang='lat' dir='ltr'>italicas,</span> 
     </span>
     <span class='ocr_line' id='line_1_16' title="bbox 167 1499 1274 1565; baseline 0.001 -15"><span class='ocrx_word' id='word_1_148' title='bbox 167 1501 239 1551; x_wconf 84' lang='lat' dir='ltr'>bont.</span> <span class='ocrx_word' id='word_1_149' title='bbox 270 1500 315 1548; x_wconf 83' lang='lat' dir='ltr'>Sic</span> <span class='ocrx_word' id='word_1_150' title='bbox 336 1499 406 1562; x_wconf 90' lang='lat' dir='ltr'>apud</span> <span class='ocrx_word' id='word_1_151' title='bbox 427 1499 521 1549; x_wconf 77' lang='lat' dir='ltr'>Hont.</span> <span class='ocrx_word' id='word_1_152' title='bbox 543 1499 596 1549; x_wconf 81' lang='lat' dir='ltr'>0d.</span> <span class='ocrx_word' id='word_1_153' title='bbox 614 1512 658 1548; x_wconf 90' lang='grc' dir='ltr'><strong>ιιι.</strong></span> <span class='ocrx_word' id='word_1_154' title='bbox 676 1501 699 1548; x_wconf 73' lang='lat'>⁸.</span> <span class='ocrx_word' id='word_1_155' title='bbox 739 1499 784 1549; x_wconf 88' lang='lat' dir='ltr'>lib.</span> <span class='ocrx_word' id='word_1_156' title='bbox 797 1513 828 1549; x_wconf 87' lang='grc' dir='ltr'>ιι.</span> <span class='ocrx_word' id='word_1_157' title='bbox 845 1499 981 1550; x_wconf 74' lang='lat' dir='ltr'>‘Caruleo</span> <span class='ocrx_word' id='word_1_158' title='bbox 994 1506 1121 1562; x_wconf 82' lang='lat' dir='ltr'>provecta</span> <span class='ocrx_word' id='word_1_159' title='bbox 1137 1501 1207 1551; x_wconf 79' lang='lat' dir='ltr'>rado</span> <span class='ocrx_word' id='word_1_160' title='bbox 1220 1502 1274 1565; x_wconf 85' lang='lat' dir='ltr'>jara</span> 
     </span>
     <span class='ocr_line' id='line_1_17' title="bbox 167 1574 1275 1640; baseline 0.003 -14"><span class='ocrx_word' id='word_1_161' title='bbox 167 1579 176 1607; x_wconf 89' lang='lat'><em>‘</em></span> <span class='ocrx_word' id='word_1_162' title='bbox 187 1577 245 1626; x_wconf 83' lang='lat' dir='ltr'>Huc</span> <span class='ocrx_word' id='word_1_163' title='bbox 257 1584 314 1624; x_wconf 85' lang='lat' dir='ltr'>arte</span> <span class='ocrx_word' id='word_1_164' title='bbox 331 1576 427 1624; x_wconf 80' lang='lat' dir='ltr'>Pollux</span> <span class='ocrx_word' id='word_1_165' title='bbox 444 1582 472 1624; x_wconf 88' lang='lat' dir='ltr'>et</span> <span class='ocrx_word' id='word_1_166' title='bbox 484 1590 562 1638; x_wconf 77' lang='lat' dir='ltr'>vagus</span> <span class='ocrx_word' id='word_1_167' title='bbox 574 1574 702 1624; x_wconf 81' lang='lat' dir='ltr'>Hercules</span> <span class='ocrx_word' id='word_1_168' title='bbox 741 1577 865 1626; x_wconf 67' lang='lat' dir='ltr'>Dardana</span> <span class='ocrx_word' id='word_1_169' title='bbox 877 1576 986 1640; x_wconf 69' lang='lat' dir='ltr'>puppis!</span> <span class='ocrx_word' id='word_1_170' title='bbox 1001 1576 1117 1627; x_wconf 77' lang='lat' dir='ltr'>Phaedro</span> <span class='ocrx_word' id='word_1_171' title='bbox 1126 1592 1190 1628; x_wconf 83' lang='lat' dir='ltr'>vero</span> <span class='ocrx_word' id='word_1_172' title='bbox 1198 1578 1275 1629; x_wconf 77' lang='lat' dir='ltr'>eos·</span> 
     </span>
     <span class='ocr_line' id='line_1_18' title="bbox 167 1649 1276 1716; baseline 0 -14"><span class='ocrx_word' id='word_1_173' title='bbox 167 1653 262 1702; x_wconf 77' lang='lat' dir='ltr'>Euiaos</span> <span class='ocrx_word' id='word_1_174' title='bbox 281 1665 356 1700; x_wconf 88' lang='lat' dir='ltr'>arces</span> <span class='ocrx_word' id='word_1_175' title='bbox 375 1651 464 1714; x_wconf 75' lang='lat' dir='ltr'>attigit</span> <span class='ocrx_word' id='word_1_176' title='bbox 484 1649 596 1715; x_wconf 58' lang='lat' dir='ltr'>ignens?</span> <span class='ocrx_word' id='word_1_177' title='bbox 614 1657 643 1699; x_wconf 92' lang='lat' dir='ltr'>ut</span> <span class='ocrx_word' id='word_1_178' title='bbox 655 1665 701 1712; x_wconf 89' lang='lat' dir='ltr'>op·</span> <span class='ocrx_word' id='word_1_179' title='bbox 740 1652 848 1715; x_wconf 75' lang='lat' dir='ltr'>placuit,</span> <span class='ocrx_word' id='word_1_180' title='bbox 870 1653 954 1701; x_wconf 72' lang='lat' dir='ltr'>eodm</span> <span class='ocrx_word' id='word_1_181' title='bbox 972 1665 1115 1714; x_wconf 78' lang='lat' dir='ltr'>agnoscere</span> <span class='ocrx_word' id='word_1_182' title='bbox 1138 1653 1164 1702; x_wconf 86' lang='lat' dir='ltr'>iu</span> <span class='ocrx_word' id='word_1_183' title='bbox 1189 1660 1276 1716; x_wconf 86' lang='lat' dir='ltr'>puteo.</span> 
     </span>
     <span class='ocr_line' id='line_1_19' title="bbox 167 1725 1274 1791; baseline -0.001 -13"><span class='ocrx_word' id='word_1_184' title='bbox 167 1728 224 1778; x_wconf 85' lang='lat' dir='ltr'>timi</span> <span class='ocrx_word' id='word_1_185' title='bbox 245 1726 359 1789; x_wconf 73' lang='lat' dir='ltr'>codices,</span> <span class='ocrx_word' id='word_1_186' title='bbox 379 1740 430 1775; x_wconf 85' lang='lat' dir='ltr'>non</span> <span class='ocrx_word' id='word_1_187' title='bbox 450 1726 548 1776; x_wconf 72' lang='lat' dir='ltr'>innisus</span> <span class='ocrx_word' id='word_1_188' title='bbox 569 1727 637 1791; x_wconf 83' lang='lat' dir='ltr'>qood</span> <span class='ocrx_word' id='word_1_189' title='bbox 665 1726 701 1774; x_wconf 91' lang='lat' dir='ltr'>ibi</span> <span class='ocrx_word' id='word_1_190' title='bbox 741 1726 801 1775; x_wconf 75' lang='lat' dir='ltr'>vid.</span> <span class='ocrx_word' id='word_1_191' title='bbox 814 1726 904 1775; x_wconf 82' lang='lat' dir='ltr'>Barth.</span> <span class='ocrx_word' id='word_1_192' title='bbox 916 1725 949 1774; x_wconf 85' lang='lat' dir='ltr'>ad</span> <span class='ocrx_word' id='word_1_193' title='bbox 962 1725 1054 1776; x_wconf 83' lang='lat' dir='ltr'>Claud.</span> <span class='ocrx_word' id='word_1_194' title='bbox 1071 1727 1162 1791; x_wconf 84' lang='lat' dir='ltr'>Epith.</span> <span class='ocrx_word' id='word_1_195' title='bbox 1175 1727 1274 1777; x_wconf 79' lang='lat' dir='ltr'>Honor.</span> 
     </span>
     <span class='ocr_line' id='line_1_20' title="bbox 167 1801 1275 1868; baseline 0.001 -13"><span class='ocrx_word' id='word_1_196' title='bbox 167 1805 251 1855; x_wconf 78' lang='lat' dir='ltr'>locuni</span> <span class='ocrx_word' id='word_1_197' title='bbox 264 1804 359 1852; x_wconf 82' lang='lat' dir='ltr'>habere</span> <span class='ocrx_word' id='word_1_198' title='bbox 371 1803 473 1867; x_wconf 83' lang='lat' dir='ltr'>nequit:</span> <span class='ocrx_word' id='word_1_199' title='bbox 491 1810 518 1851; x_wconf 90' lang='lat' dir='ltr'>et</span> <span class='ocrx_word' id='word_1_200' title='bbox 531 1809 601 1851; x_wconf 81' lang='lat' dir='ltr'>recte</span> <span class='ocrx_word' id='word_1_201' title='bbox 619 1803 701 1851; x_wconf 88' lang='lat' dir='ltr'>Bent-</span> <span class='ocrx_word' id='word_1_202' title='bbox 742 1809 769 1852; x_wconf 87' lang='lat' dir='ltr'>et</span> <span class='ocrx_word' id='word_1_203' title='bbox 780 1802 847 1852; x_wconf 84' lang='lat' dir='ltr'>Mar.</span> <span class='ocrx_word' id='word_1_204' title='bbox 857 1817 893 1851; x_wconf 84' lang='lat' dir='ltr'>vs.</span> <span class='ocrx_word' id='word_1_205' title='bbox 904 1805 960 1850; x_wconf 69' lang='lat' dir='ltr'>ltu</span> <span class='ocrx_word' id='word_1_206' title='bbox 979 1801 1071 1851; x_wconf 85' lang='lat' dir='ltr'>Beirot.</span> <span class='ocrx_word' id='word_1_207' title='bbox 1083 1801 1189 1868; x_wconf 77' lang='lat' dir='ltr'>Apoph.</span> <span class='ocrx_word' id='word_1_208' title='bbox 1198 1817 1231 1855; x_wconf 87' lang='grc' dir='ltr'>ιι.</span> <span class='ocrx_word' id='word_1_209' title='bbox 1238 1808 1275 1856; x_wconf 78' lang='lat'>12</span> 
     </span>
     <span class='ocr_line' id='line_1_21' title="bbox 167 1875 1054 1941; baseline 0.003 -13"><span class='ocrx_word' id='word_1_210' title='bbox 167 1880 233 1929; x_wconf 82' lang='lat' dir='ltr'>icius</span> <span class='ocrx_word' id='word_1_211' title='bbox 255 1885 340 1939; x_wconf 85' lang='lat' dir='ltr'>notat,</span> <span class='ocrx_word' id='word_1_212' title='bbox 363 1878 436 1926; x_wconf 81' lang='lat' dir='ltr'>irriti</span> <span class='ocrx_word' id='word_1_213' title='bbox 456 1891 532 1941; x_wconf 81' lang='lat' dir='ltr'>quern</span> <span class='ocrx_word' id='word_1_214' title='bbox 556 1875 650 1935; x_wconf 78' lang='lat' dir='ltr'>fulcro,</span> <span class='ocrx_word' id='word_1_215' title='bbox 668 1890 701 1924; x_wconf 85' lang='lat' dir='ltr'>ne</span> <span class='ocrx_word' id='word_1_216' title='bbox 741 1887 770 1929; x_wconf 86' lang='lat' dir='ltr'>et</span> <span class='ocrx_word' id='word_1_217' title='bbox 780 1879 895 1930; x_wconf 81' lang='lat' dir='ltr'>Gronov.</span> <span class='ocrx_word' id='word_1_218' title='bbox 907 1877 972 1929; x_wconf 77' lang='lat' dir='ltr'>Obe.</span> <span class='ocrx_word' id='word_1_219' title='bbox 985 1891 1003 1929; x_wconf 84' lang='lat'>1.</span> <span class='ocrx_word' id='word_1_220' title='bbox 1015 1882 1054 1931; x_wconf 75' lang='lat'>1⁰.</span> 
     </span>
    </p>

    <p class='ocr_par' dir='ltr' id='par_1_5' title="bbox 166 1953 701 2017">
     <span class='ocr_line' id='line_1_22' title="bbox 166 1953 701 2017; baseline -0.009 -12"><span class='ocrx_word' id='word_1_221' title='bbox 166 1954 255 2017; x_wconf 73' lang='lat' dir='ltr'>cadet,</span> <span class='ocrx_word' id='word_1_222' title='bbox 277 1953 345 2017; x_wconf 79' lang='lat' dir='ltr'>caiti,</span> <span class='ocrx_word' id='word_1_223' title='bbox 366 1954 412 2017; x_wconf 87' lang='lat' dir='ltr'>qui</span> <span class='ocrx_word' id='word_1_224' title='bbox 433 1954 460 2002; x_wconf 89' lang='lat' dir='ltr'>in</span> <span class='ocrx_word' id='word_1_225' title='bbox 483 1954 564 2003; x_wconf 88' lang='lat' dir='ltr'>altum</span> <span class='ocrx_word' id='word_1_226' title='bbox 591 1959 701 2002; x_wconf 79' lang='lat' dir='ltr'>conetur</span> 
     </span>
    </p>
   </div>
   <div class='ocr_carea' id='block_1_5' title="bbox 465 2296 858 2419">
    <p class='ocr_par' dir='ltr' id='par_1_6' title="bbox 465 2296 858 2419">
     <span class='ocr_line' id='line_1_23' title="bbox 465 2296 858 2419; baseline -0.008 0"><span class='ocrx_word' id='word_1_227' title='bbox 465 2296 473 2303; x_wconf 23' lang='grc' dir='ltr'>ι</span> <span class='ocrx_word' id='word_1_228' title='bbox 578 2351 771 2419; x_wconf 81' lang='lat' dir='ltr'>FABULA</span> <span class='ocrx_word' id='word_1_229' title='bbox 809 2353 858 2417; x_wconf 89' lang='lat' dir='ltr'>X.</span> 
     </span>
    </p>
   </div>
   <div class='ocr_carea' id='block_1_6' title="bbox 164 2563 1275 4153">
    <p class='ocr_par' dir='ltr' id='par_1_7' title="bbox 164 2563 1274 3466">
     <span class='ocr_line' id='line_1_24' title="bbox 198 2563 1272 2630; baseline -0.004 -13"><span class='ocrx_word' id='word_1_230' title='bbox 198 2571 212 2617; x_wconf 84' lang='lat' dir='ltr'>l</span> <span class='ocrx_word' id='word_1_231' title='bbox 228 2566 314 2630; x_wconf 83' lang='lat' dir='ltr'>Perus]</span> <span class='ocrx_word' id='word_1_232' title='bbox 330 2569 369 2618; x_wconf 85' lang='lat' dir='ltr'>Eo</span> <span class='ocrx_word' id='word_1_233' title='bbox 380 2565 471 2616; x_wconf 88' lang='lat' dir='ltr'>alludit</span> <span class='ocrx_word' id='word_1_234' title='bbox 480 2566 587 2616; x_wconf 87' lang='lat' dir='ltr'>Persius</span> <span class='ocrx_word' id='word_1_235' title='bbox 596 2566 700 2616; x_wconf 77' lang='lat' dir='ltr'>Satur.</span> <span class='ocrx_word' id='word_1_236' title='bbox 741 2573 769 2615; x_wconf 91' lang='lat' dir='ltr'>et</span> <span class='ocrx_word' id='word_1_237' title='bbox 781 2564 912 2628; x_wconf 87' lang='lat' dir='ltr'>improbus</span> <span class='ocrx_word' id='word_1_238' title='bbox 923 2563 964 2613; x_wconf 88' lang='lat' dir='ltr'>hic</span> <span class='ocrx_word' id='word_1_239' title='bbox 975 2577 1046 2612; x_wconf 89' lang='lat' dir='ltr'>amor</span> <span class='ocrx_word' id='word_1_240' title='bbox 1059 2567 1113 2624; x_wconf 87' lang='lat' dir='ltr'>est,</span> <span class='ocrx_word' id='word_1_241' title='bbox 1131 2563 1272 2630; x_wconf 81' lang='lat' dir='ltr'>dignusque</span> 
     </span>
     <span class='ocr_line' id='line_1_25' title="bbox 164 2639 1273 2703; baseline -0.004 -12"><span class='ocrx_word' id='word_1_242' title='bbox 164 2639 220 2692; x_wconf 86' lang='lat' dir='ltr'>‘Ut</span> <span class='ocrx_word' id='word_1_243' title='bbox 233 2658 308 2692; x_wconf 88' lang='lat' dir='ltr'>nemo</span> <span class='ocrx_word' id='word_1_244' title='bbox 326 2644 352 2692; x_wconf 93' lang='lat' dir='ltr'>iu</span> <span class='ocrx_word' id='word_1_245' title='bbox 365 2658 423 2692; x_wconf 84' lang='lat' dir='ltr'>sese</span> <span class='ocrx_word' id='word_1_246' title='bbox 436 2649 521 2691; x_wconf 88' lang='lat' dir='ltr'>tentat</span> <span class='ocrx_word' id='word_1_247' title='bbox 532 2641 701 2703; x_wconf 81' lang='lat' dir='ltr'>descendere,</span> <span class='ocrx_word' id='word_1_248' title='bbox 742 2642 836 2690; x_wconf 81' lang='lat' dir='ltr'>notari.</span> <span class='ocrx_word' id='word_1_249' title='bbox 877 2641 941 2689; x_wconf 88' lang='lat' dir='ltr'>Cum</span> <span class='ocrx_word' id='word_1_250' title='bbox 964 2646 1009 2688; x_wconf 87' lang='lat' dir='ltr'>tua</span> <span class='ocrx_word' id='word_1_251' title='bbox 1036 2639 1176 2702; x_wconf 82' lang='lat' dir='ltr'>pervideas</span> <span class='ocrx_word' id='word_1_252' title='bbox 1199 2642 1273 2691; x_wconf 79' lang='lat' dir='ltr'>oculis</span> 
     </span>
     <span class='ocr_line' id='line_1_26' title="bbox 167 2716 1273 2780; baseline 0.001 -14"><span class='ocrx_word' id='word_1_253' title='bbox 167 2732 253 2779; x_wconf 87' lang='lat' dir='ltr'>nemo,</span> <span class='ocrx_word' id='word_1_254' title='bbox 261 2717 314 2766; x_wconf 84' lang='lat' dir='ltr'>Sed</span> <span class='ocrx_word' id='word_1_255' title='bbox 324 2717 482 2780; x_wconf 68' lang='lat' dir='ltr'>precedenti</span> <span class='ocrx_word' id='word_1_256' title='bbox 490 2724 624 2780; x_wconf 82' lang='lat' dir='ltr'>spectatur</span> <span class='ocrx_word' id='word_1_257' title='bbox 633 2731 702 2765; x_wconf 86' lang='lat' dir='ltr'>mun·</span> <span class='ocrx_word' id='word_1_258' title='bbox 742 2717 808 2766; x_wconf 84' lang='lat' dir='ltr'>mala</span> <span class='ocrx_word' id='word_1_259' title='bbox 827 2717 913 2780; x_wconf 90' lang='lat' dir='ltr'>lippus</span> <span class='ocrx_word' id='word_1_260' title='bbox 933 2716 1052 2777; x_wconf 84' lang='lat' dir='ltr'>inunctis,</span> <span class='ocrx_word' id='word_1_261' title='bbox 1072 2717 1125 2766; x_wconf 89' lang='lat' dir='ltr'>Cur</span> <span class='ocrx_word' id='word_1_262' title='bbox 1144 2718 1173 2766; x_wconf 92' lang='lat' dir='ltr'>in</span> <span class='ocrx_word' id='word_1_263' title='bbox 1185 2719 1273 2767; x_wconf 81' lang='lat' dir='ltr'>amico·</span> 
     </span>
     <span class='ocr_line' id='line_1_27' title="bbox 169 2790 1273 2856; baseline 0.001 -15"><span class='ocrx_word' id='word_1_264' title='bbox 169 2792 222 2841; x_wconf 86' lang='lat' dir='ltr'>tica</span> <span class='ocrx_word' id='word_1_265' title='bbox 235 2790 328 2854; x_wconf 68' lang='lat' dir='ltr'>tergo!</span> <span class='ocrx_word' id='word_1_266' title='bbox 362 2792 460 2840; x_wconf 82' lang='lat' dir='ltr'>Eodem</span> <span class='ocrx_word' id='word_1_267' title='bbox 473 2806 575 2856; x_wconf 87' lang='lat' dir='ltr'>quoque</span> <span class='ocrx_word' id='word_1_268' title='bbox 587 2792 703 2840; x_wconf 83' lang='lat' dir='ltr'>Catullus</span> <span class='ocrx_word' id='word_1_269' title='bbox 742 2807 798 2842; x_wconf 88' lang='lat' dir='ltr'>rum</span> <span class='ocrx_word' id='word_1_270' title='bbox 816 2793 884 2842; x_wconf 83' lang='lat' dir='ltr'>vitiis</span> <span class='ocrx_word' id='word_1_271' title='bbox 905 2799 957 2842; x_wconf 87' lang='lat' dir='ltr'>tarn</span> <span class='ocrx_word' id='word_1_272' title='bbox 974 2793 1057 2842; x_wconf 88' lang='lat' dir='ltr'>cernis</span> <span class='ocrx_word' id='word_1_273' title='bbox 1074 2795 1212 2844; x_wconf 84' lang='lat' dir='ltr'>acotnmi&#39;</span> <span class='ocrx_word' id='word_1_274' title='bbox 1229 2798 1273 2843; x_wconf 77' lang='lat' dir='ltr'>&amp;c</span> 
     </span>
     <span class='ocr_line' id='line_1_28' title="bbox 168 2864 853 2920; baseline 0.001 -5"><span class='ocrx_word' id='word_1_275' title='bbox 168 2864 354 2915; x_wconf 76' lang='lat' dir='ltr'>insuffcnnnr:</span> <span class='ocrx_word' id='word_1_276' title='bbox 373 2865 440 2914; x_wconf 84' lang='lat' dir='ltr'>‘Sed</span> <span class='ocrx_word' id='word_1_277' title='bbox 449 2880 499 2914; x_wconf 91' lang='lat' dir='ltr'>non</span> <span class='ocrx_word' id='word_1_278' title='bbox 508 2866 624 2915; x_wconf 84' lang='lat' dir='ltr'>videmus</span> <span class='ocrx_word' id='word_1_279' title='bbox 633 2881 702 2914; x_wconf 88' lang='lat' dir='ltr'>man·</span> <span class='ocrx_word' id='word_1_280' title='bbox 742 2870 853 2920; x_wconf 81' lang='lat' dir='ltr'>Preisai.</span> 
     </span>
     <span class='ocr_line' id='line_1_29' title="bbox 170 2940 1274 3008; baseline 0.005 -18"><span class='ocrx_word' id='word_1_281' title='bbox 170 2942 230 2991; x_wconf 78' lang='lat' dir='ltr'>ticae</span> <span class='ocrx_word' id='word_1_282' title='bbox 243 2940 311 3005; x_wconf 88' lang='lat' dir='ltr'>quod</span> <span class='ocrx_word' id='word_1_283' title='bbox 322 2941 348 2989; x_wconf 93' lang='lat' dir='ltr'>in</span> <span class='ocrx_word' id='word_1_284' title='bbox 361 2948 438 3004; x_wconf 76' lang='lat' dir='ltr'>tergo</span> <span class='ocrx_word' id='word_1_285' title='bbox 455 2940 512 2990; x_wconf 85' lang='lat' dir='ltr'>est.’</span> <span class='ocrx_word' id='word_1_286' title='bbox 544 2941 623 2990; x_wconf 80' lang='lat' dir='ltr'>Forte</span> <span class='ocrx_word' id='word_1_287' title='bbox 635 2949 662 2990; x_wconf 86' lang='lat' dir='ltr'>et</span> <span class='ocrx_word' id='word_1_288' title='bbox 673 2941 702 2990; x_wconf 91' lang='lat' dir='ltr'>il·</span> <span class='ocrx_word' id='word_1_289' title='bbox 775 2946 892 3008; x_wconf 82' lang='lat' dir='ltr'>Propriis,</span> <span class='ocrx_word' id='word_1_290' title='bbox 902 2943 956 3007; x_wconf 69' lang='lat' dir='ltr'>isc]</span> <span class='ocrx_word' id='word_1_291' title='bbox 973 2945 1108 2994; x_wconf 74' lang='lat' dir='ltr'>Catullus:</span> <span class='ocrx_word' id='word_1_292' title='bbox 1127 2945 1215 2996; x_wconf 89' lang='lat' dir='ltr'>‘Suus</span> <span class='ocrx_word' id='word_1_293' title='bbox 1225 2946 1274 2996; x_wconf 86' lang='lat' dir='ltr'>cui·</span> 
     </span>
     <span class='ocr_line' id='line_1_30' title="bbox 166 3017 1274 3086; baseline 0.003 -18"><span class='ocrx_word' id='word_1_294' title='bbox 166 3018 212 3068; x_wconf 88' lang='lat' dir='ltr'>lud</span> <span class='ocrx_word' id='word_1_295' title='bbox 231 3019 339 3068; x_wconf 74' lang='lat' dir='ltr'>Senecae</span> <span class='ocrx_word' id='word_1_296' title='bbox 358 3018 392 3067; x_wconf 87' lang='lat' dir='ltr'>de</span> <span class='ocrx_word' id='word_1_297' title='bbox 411 3017 456 3066; x_wconf 87' lang='lat' dir='ltr'>Ira</span> <span class='ocrx_word' id='word_1_298' title='bbox 475 3017 519 3067; x_wconf 89' lang='lat' dir='ltr'>lib.</span> <span class='ocrx_word' id='word_1_299' title='bbox 531 3031 573 3067; x_wconf 91' lang='grc' dir='ltr'><strong>ιιι.</strong></span> <span class='ocrx_word' id='word_1_300' title='bbox 590 3019 598 3047; x_wconf 86' lang='lat'>‘</span> <span class='ocrx_word' id='word_1_301' title='bbox 613 3017 703 3067; x_wconf 77' lang='lat' dir='ltr'>Aliena</span> <span class='ocrx_word' id='word_1_302' title='bbox 743 3036 794 3086; x_wconf 86' lang='lat' dir='ltr'>qne</span> <span class='ocrx_word' id='word_1_303' title='bbox 811 3021 951 3070; x_wconf 81' lang='lat' dir='ltr'>attributus</span> <span class='ocrx_word' id='word_1_304' title='bbox 974 3027 1012 3069; x_wconf 86' lang='lat' dir='ltr'>est</span> <span class='ocrx_word' id='word_1_305' title='bbox 1031 3035 1123 3070; x_wconf 85' lang='lat' dir='ltr'>error:</span> <span class='ocrx_word' id='word_1_306' title='bbox 1153 3022 1205 3071; x_wconf 85' lang='lat' dir='ltr'>Sed</span> <span class='ocrx_word' id='word_1_307' title='bbox 1227 3036 1274 3071; x_wconf 88' lang='lat' dir='ltr'>noa</span> 
     </span>
     <span class='ocr_line' id='line_1_31' title="bbox 164 3093 1273 3161; baseline 0.004 -18"><span class='ocrx_word' id='word_1_308' title='bbox 164 3094 227 3143; x_wconf 77' lang='lat' dir='ltr'>vitia</span> <span class='ocrx_word' id='word_1_309' title='bbox 240 3094 266 3143; x_wconf 94' lang='lat' dir='ltr'>in</span> <span class='ocrx_word' id='word_1_310' title='bbox 278 3094 359 3143; x_wconf 90' lang='lat' dir='ltr'>oculis</span> <span class='ocrx_word' id='word_1_311' title='bbox 370 3093 503 3156; x_wconf 78' lang='lat' dir='ltr'>habemns,</span> <span class='ocrx_word' id='word_1_312' title='bbox 522 3108 538 3142; x_wconf 87' lang='lat' dir='ltr'>a</span> <span class='ocrx_word' id='word_1_313' title='bbox 553 3101 630 3157; x_wconf 75' lang='lat' dir='ltr'>tergo</span> <span class='ocrx_word' id='word_1_314' title='bbox 642 3109 699 3143; x_wconf 88' lang='lat' dir='ltr'>uos·</span> <span class='ocrx_word' id='word_1_315' title='bbox 742 3097 868 3158; x_wconf 81' lang='lat' dir='ltr'>videmus,</span> <span class='ocrx_word' id='word_1_316' title='bbox 879 3098 998 3146; x_wconf 75' lang='lat' dir='ltr'>mantice</span> <span class='ocrx_word' id='word_1_317' title='bbox 1008 3097 1076 3159; x_wconf 88' lang='lat' dir='ltr'>quod</span> <span class='ocrx_word' id='word_1_318' title='bbox 1093 3097 1119 3144; x_wconf 96' lang='lat' dir='ltr'>in</span> <span class='ocrx_word' id='word_1_319' title='bbox 1133 3103 1208 3161; x_wconf 76' lang='lat' dir='ltr'>tergo</span> <span class='ocrx_word' id='word_1_320' title='bbox 1219 3097 1273 3147; x_wconf 61' lang='lat' dir='ltr'>est}</span> 
     </span>
     <span class='ocr_line' id='line_1_32' title="bbox 168 3169 1272 3235; baseline 0.003 -16"><span class='ocrx_word' id='word_1_321' title='bbox 168 3169 296 3220; x_wconf 65' lang='lat' dir='ltr'>tranunt!</span> <span class='ocrx_word' id='word_1_322' title='bbox 315 3170 377 3219; x_wconf 77' lang='lat' dir='ltr'>Neo.</span> <span class='ocrx_word' id='word_1_323' title='bbox 740 3173 845 3222; x_wconf 80' lang='lat' dir='ltr'>Persius</span> <span class='ocrx_word' id='word_1_324' title='bbox 866 3173 920 3221; x_wconf 85' lang='lat' dir='ltr'>Sat.</span> <span class='ocrx_word' id='word_1_325' title='bbox 940 3186 978 3222; x_wconf 80' lang='grc' dir='ltr'>ιν.</span> <span class='ocrx_word' id='word_1_326' title='bbox 1010 3173 1042 3221; x_wconf 85' lang='grc' dir='ltr'>Β.</span> <span class='ocrx_word' id='word_1_327' title='bbox 1065 3172 1229 3235; x_wconf 76' lang='lat' dir='ltr'>Augustinus</span> <span class='ocrx_word' id='word_1_328' title='bbox 1248 3176 1272 3222; x_wconf 87' lang='lat' dir='ltr'>in</span> 
     </span>
     <span class='ocr_line' id='line_1_33' title="bbox 178 3245 1274 3313; baseline 0.001 -16"><span class='ocrx_word' id='word_1_329' title='bbox 178 3272 182 3277; x_wconf 97' lang='lat'>·</span> <span class='ocrx_word' id='word_1_330' title='bbox 197 3248 275 3297; x_wconf 81' lang='lat' dir='ltr'>Perus</span> <span class='ocrx_word' id='word_1_331' title='bbox 285 3246 396 3309; x_wconf 76' lang='lat' dir='ltr'>inposuit</span> <span class='ocrx_word' id='word_1_332' title='bbox 407 3245 516 3310; x_wconf 77' lang='lat' dir='ltr'>Jupiter]</span> <span class='ocrx_word' id='word_1_333' title='bbox 532 3246 698 3296; x_wconf 84' lang='lat' dir='ltr'>Ammonius:</span> <span class='ocrx_word' id='word_1_334' title='bbox 739 3249 811 3298; x_wconf 84' lang='lat' dir='ltr'>Psal.</span> <span class='ocrx_word' id='word_1_335' title='bbox 822 3262 846 3297; x_wconf 85' lang='lat' dir='ltr'>u.</span> <span class='ocrx_word' id='word_1_336' title='bbox 872 3249 949 3298; x_wconf 87' lang='lat' dir='ltr'>‘Nou</span> <span class='ocrx_word' id='word_1_337' title='bbox 970 3248 1062 3312; x_wconf 85' lang='lat' dir='ltr'>posui,&#39;</span> <span class='ocrx_word' id='word_1_338' title='bbox 1082 3249 1179 3313; x_wconf 88' lang='lat' dir='ltr'>inquit,</span> <span class='ocrx_word' id='word_1_339' title='bbox 1197 3254 1274 3313; x_wconf 80' lang='lat' dir='ltr'>‘post</span> 
     </span>
     <span class='ocr_line' id='line_1_34' title="bbox 164 3321 1273 3388; baseline 0.002 -14"><span class='ocrx_word' id='word_1_340' title='bbox 164 3321 625 3387; x_wconf 46' lang='lat' dir='ltr'>nipnoippcrilpropipordlsiris</span> <span class='ocrx_word' id='word_1_341' title='bbox 634 3325 700 3384; x_wconf 66' lang='grc' dir='ltr'>ὤμων</span> <span class='ocrx_word' id='word_1_342' title='bbox 738 3325 844 3375; x_wconf 89' lang='lat' dir='ltr'>dorsum</span> <span class='ocrx_word' id='word_1_343' title='bbox 864 3341 958 3384; x_wconf 89' lang='lat' dir='ltr'>meum,</span> <span class='ocrx_word' id='word_1_344' title='bbox 977 3324 1043 3388; x_wconf 90' lang='lat' dir='ltr'>quod</span> <span class='ocrx_word' id='word_1_345' title='bbox 1065 3323 1130 3374; x_wconf 83' lang='lat' dir='ltr'>ieci.</span> <span class='ocrx_word' id='word_1_346' title='bbox 1168 3327 1273 3377; x_wconf 86' lang='lat' dir='ltr'>Nonin·</span> 
     </span>
     <span class='ocr_line' id='line_1_35' title="bbox 165 3400 1273 3466; baseline 0.003 -16"><span class='ocrx_word' id='word_1_347' title='bbox 165 3401 427 3466; x_wconf 74' lang='lat' dir='ltr'>pipooowoisoruires.</span> <span class='ocrx_word' id='word_1_348' title='bbox 445 3402 506 3464; x_wconf 70' lang='lat' dir='ltr'>urg.</span> <span class='ocrx_word' id='word_1_349' title='bbox 739 3407 815 3450; x_wconf 90' lang='lat' dir='ltr'>tueor</span> <span class='ocrx_word' id='word_1_350' title='bbox 834 3401 897 3449; x_wconf 80' lang='lat' dir='ltr'>ulios</span> <span class='ocrx_word' id='word_1_351' title='bbox 917 3401 1012 3450; x_wconf 88' lang='lat' dir='ltr'>obiitus</span> <span class='ocrx_word' id='word_1_352' title='bbox 1034 3400 1093 3450; x_wconf 89' lang='lat' dir='ltr'>mei.</span> <span class='ocrx_word' id='word_1_353' title='bbox 1129 3403 1273 3453; x_wconf 75' lang='lat' dir='ltr'>Peccatum</span> 
     </span>
    </p>

    <p class='ocr_par' dir='ltr' id='par_1_8' title="bbox 164 3474 1275 3994">
     <span class='ocr_line' id='line_1_36' title="bbox 196 3474 1272 3543; baseline 0.001 -15"><span class='ocrx_word' id='word_1_354' title='bbox 196 3481 274 3529; x_wconf 85' lang='lat' dir='ltr'>Perus</span> <span class='ocrx_word' id='word_1_355' title='bbox 283 3479 353 3543; x_wconf 67' lang='lat' dir='ltr'>dum]</span> <span class='ocrx_word' id='word_1_356' title='bbox 377 3478 518 3528; x_wconf 72' lang='lat' dir='ltr'>Arrenius:</span> <span class='ocrx_word' id='word_1_357' title='bbox 536 3474 699 3538; x_wconf 72' lang='grc' dir='ltr'>Ἀποφθεγμιί·</span> <span class='ocrx_word' id='word_1_358' title='bbox 738 3491 824 3526; x_wconf 84' lang='lat' dir='ltr'>meum</span> <span class='ocrx_word' id='word_1_359' title='bbox 833 3484 894 3526; x_wconf 86' lang='lat' dir='ltr'>nutc</span> <span class='ocrx_word' id='word_1_360' title='bbox 905 3492 947 3527; x_wconf 88' lang='lat' dir='ltr'>me</span> <span class='ocrx_word' id='word_1_361' title='bbox 959 3483 1008 3539; x_wconf 86' lang='lat' dir='ltr'>cst,</span> <span class='ocrx_word' id='word_1_362' title='bbox 1017 3492 1068 3527; x_wconf 91' lang='lat' dir='ltr'>uon</span> <span class='ocrx_word' id='word_1_363' title='bbox 1080 3487 1142 3541; x_wconf 91' lang='lat' dir='ltr'>post</span> <span class='ocrx_word' id='word_1_364' title='bbox 1154 3481 1215 3543; x_wconf 88' lang='lat' dir='ltr'>me,&#39;</span> <span class='ocrx_word' id='word_1_365' title='bbox 1226 3485 1272 3531; x_wconf 68' lang='lat' dir='ltr'>&amp;c</span> 
     </span>
     <span class='ocr_line' id='line_1_37' title="bbox 164 3550 803 3615; baseline -0.006 -12"><span class='ocrx_word' id='word_1_366' title='bbox 164 3573 211 3604; x_wconf 77' lang='lat' dir='ltr'><em>m</em></span> <span class='ocrx_word' id='word_1_367' title='bbox 228 3560 315 3615; x_wconf 78' lang='grc' dir='ltr'><strong><em>Συναγ.</em></strong></span> <span class='ocrx_word' id='word_1_368' title='bbox 355 3554 463 3603; x_wconf 68' lang='grc' dir='ltr'>Αἴσωπος</span> <span class='ocrx_word' id='word_1_369' title='bbox 483 3551 537 3614; x_wconf 75' lang='grc' dir='ltr'>ἔφη,</span> <span class='ocrx_word' id='word_1_370' title='bbox 559 3550 608 3599; x_wconf 76' lang='lat' dir='ltr'>Aio</span> <span class='ocrx_word' id='word_1_371' title='bbox 625 3550 698 3615; x_wconf 67' lang='lat' dir='ltr'>tipus</span> <span class='ocrx_word' id='word_1_372' title='bbox 741 3552 803 3614; x_wconf 71' lang='lat' dir='ltr'>stig.</span> 
     </span>
     <span class='ocr_line' id='line_1_38' title="bbox 165 3626 1273 3694; baseline 0.002 -15"><span class='ocrx_word' id='word_1_373' title='bbox 165 3629 265 3680; x_wconf 65' lang='grc' dir='ltr'>ἕκαστον</span> <span class='ocrx_word' id='word_1_374' title='bbox 280 3631 344 3690; x_wconf 75' lang='grc' dir='ltr'>ἡμῶν</span> <span class='ocrx_word' id='word_1_375' title='bbox 353 3627 438 3694; x_wconf 71' lang='lat' dir='ltr'>pipin·</span> <span class='ocrx_word' id='word_1_376' title='bbox 455 3629 500 3687; x_wconf 73' lang='grc' dir='ltr'>τὴν</span> <span class='ocrx_word' id='word_1_377' title='bbox 509 3627 553 3689; x_wconf 64' lang='grc' dir='ltr'>μὲν</span> <span class='ocrx_word' id='word_1_378' title='bbox 564 3628 700 3692; x_wconf 73' lang='grc' dir='ltr'><strong><em>ἔμπροσθεν</em></strong></span> <span class='ocrx_word' id='word_1_379' title='bbox 775 3627 895 3690; x_wconf 78' lang='lat' dir='ltr'>Propriis,</span> <span class='ocrx_word' id='word_1_380' title='bbox 909 3626 962 3689; x_wconf 70' lang='lat' dir='ltr'>isc]</span> <span class='ocrx_word' id='word_1_381' title='bbox 987 3628 1027 3675; x_wconf 84' lang='lat' dir='ltr'>Ea</span> <span class='ocrx_word' id='word_1_382' title='bbox 1045 3627 1090 3676; x_wconf 91' lang='lat' dir='ltr'>illo</span> <span class='ocrx_word' id='word_1_383' title='bbox 1111 3630 1273 3681; x_wconf 80' lang='lat' dir='ltr'>Catulliuno:</span> 
     </span>
     <span class='ocr_line' id='line_1_39' title="bbox 165 3702 1274 3772; baseline 0.004 -20"><span class='ocrx_word' id='word_1_384' title='bbox 165 3705 209 3762; x_wconf 69' lang='grc' dir='ltr'>τὴν</span> <span class='ocrx_word' id='word_1_385' title='bbox 217 3704 242 3753; x_wconf 79' lang='lat' dir='ltr'>ol</span> <span class='ocrx_word' id='word_1_386' title='bbox 254 3707 356 3754; x_wconf 69' lang='grc' dir='ltr'>ὄπισθεν·</span> <span class='ocrx_word' id='word_1_387' title='bbox 373 3706 411 3755; x_wconf 74' lang='lat' dir='ltr'>nul</span> <span class='ocrx_word' id='word_1_388' title='bbox 423 3705 455 3755; x_wconf 68' lang='grc' dir='ltr'>εἱς</span> <span class='ocrx_word' id='word_1_389' title='bbox 464 3704 508 3766; x_wconf 69' lang='grc' dir='ltr'>μὲν</span> <span class='ocrx_word' id='word_1_390' title='bbox 518 3705 563 3763; x_wconf 75' lang='grc' dir='ltr'>τὴν</span> <span class='ocrx_word' id='word_1_391' title='bbox 575 3704 702 3768; x_wconf 73' lang='grc' dir='ltr'><strong><em>ἔμπροσθεν</em></strong></span> <span class='ocrx_word' id='word_1_392' title='bbox 741 3702 811 3752; x_wconf 86' lang='lat' dir='ltr'>‘Sed</span> <span class='ocrx_word' id='word_1_393' title='bbox 823 3718 872 3752; x_wconf 89' lang='lat' dir='ltr'>non</span> <span class='ocrx_word' id='word_1_394' title='bbox 890 3703 1015 3764; x_wconf 82' lang='lat' dir='ltr'>videmus,</span> <span class='ocrx_word' id='word_1_395' title='bbox 1032 3706 1158 3755; x_wconf 74' lang='lat' dir='ltr'>ninnticoe</span> <span class='ocrx_word' id='word_1_396' title='bbox 1170 3708 1238 3772; x_wconf 81' lang='lat' dir='ltr'>quoti</span> <span class='ocrx_word' id='word_1_397' title='bbox 1250 3709 1274 3756; x_wconf 92' lang='lat' dir='ltr'>in</span> 
     </span>
     <span class='ocr_line' id='line_1_40' title="bbox 167 3778 1275 3844; baseline 0.003 -14"><span class='ocrx_word' id='word_1_398' title='bbox 167 3778 300 3830; x_wconf 69' lang='lat' dir='ltr'>omilium</span> <span class='ocrx_word' id='word_1_399' title='bbox 308 3780 339 3828; x_wconf 73' lang='grc' dir='ltr'>τὰ</span> <span class='ocrx_word' id='word_1_400' title='bbox 347 3785 394 3830; x_wconf 77' lang='grc' dir='ltr'>τῶν</span> <span class='ocrx_word' id='word_1_401' title='bbox 405 3781 486 3830; x_wconf 66' lang='grc' dir='ltr'>ἄλλων</span> <span class='ocrx_word' id='word_1_402' title='bbox 497 3779 661 3843; x_wconf 72' lang='grc' dir='ltr'>ἁμαρτήματα,</span> <span class='ocrx_word' id='word_1_403' title='bbox 671 3779 702 3830; x_wconf 79' lang='lat' dir='ltr'>eis</span> <span class='ocrx_word' id='word_1_404' title='bbox 743 3786 816 3844; x_wconf 83' lang='lat' dir='ltr'>tergo</span> <span class='ocrx_word' id='word_1_405' title='bbox 827 3779 884 3829; x_wconf 67' lang='lat' dir='ltr'>est!</span> <span class='ocrx_word' id='word_1_406' title='bbox 918 3779 993 3831; x_wconf 87' lang='lat' dir='ltr'>Quod</span> <span class='ocrx_word' id='word_1_407' title='bbox 1006 3785 1032 3828; x_wconf 86' lang='lat' dir='ltr'>ct</span> <span class='ocrx_word' id='word_1_408' title='bbox 1042 3780 1150 3830; x_wconf 83' lang='lat' dir='ltr'>Persius</span> <span class='ocrx_word' id='word_1_409' title='bbox 1163 3783 1275 3832; x_wconf 87' lang='lat' dir='ltr'>imitatus</span> 
     </span>
     <span class='ocr_line' id='line_1_41' title="bbox 167 3853 1275 3923; baseline 0.003 -18"><span class='ocrx_word' id='word_1_410' title='bbox 167 3854 193 3905; x_wconf 79' lang='lat' dir='ltr'>ul</span> <span class='ocrx_word' id='word_1_411' title='bbox 204 3855 249 3913; x_wconf 80' lang='grc' dir='ltr'>τὴν</span> <span class='ocrx_word' id='word_1_412' title='bbox 264 3857 357 3903; x_wconf 65' lang='lat' dir='ltr'>hietro</span> <span class='ocrx_word' id='word_1_413' title='bbox 370 3855 403 3904; x_wconf 76' lang='lat' dir='ltr'>ri</span> <span class='ocrx_word' id='word_1_414' title='bbox 421 3857 518 3919; x_wconf 66' lang='grc' dir='ltr'>ἑαυτῶν,</span> <span class='ocrx_word' id='word_1_415' title='bbox 530 3854 588 3905; x_wconf 70' lang='lat' dir='ltr'>liin</span> <span class='ocrx_word' id='word_1_416' title='bbox 598 3857 625 3904; x_wconf 80' lang='grc' dir='ltr'>οὐ</span> <span class='ocrx_word' id='word_1_417' title='bbox 635 3861 702 3906; x_wconf 73' lang='lat' dir='ltr'>eaeo·</span> <span class='ocrx_word' id='word_1_418' title='bbox 742 3862 783 3904; x_wconf 88' lang='lat' dir='ltr'>est</span> <span class='ocrx_word' id='word_1_419' title='bbox 792 3855 839 3904; x_wconf 84' lang='lat' dir='ltr'>lioc</span> <span class='ocrx_word' id='word_1_420' title='bbox 850 3869 941 3903; x_wconf 82' lang='lat' dir='ltr'>verro:</span> <span class='ocrx_word' id='word_1_421' title='bbox 957 3853 1026 3902; x_wconf 84' lang='lat' dir='ltr'>‘Sed</span> <span class='ocrx_word' id='word_1_422' title='bbox 1035 3856 1275 3923; x_wconf 73' lang='lat' dir='ltr'>precedentispec·</span> 
     </span>
     <span class='ocr_line' id='line_1_42' title="bbox 164 3930 1274 3994; baseline 0.007 -16"><span class='ocrx_word' id='word_1_423' title='bbox 164 3931 314 3994; x_wconf 72' lang='grc' dir='ltr'>ρῦμεναίνιά.</span> <span class='ocrx_word' id='word_1_424' title='bbox 334 3933 401 3981; x_wconf 74' lang='lat' dir='ltr'>Gau.</span> <span class='ocrx_word' id='word_1_425' title='bbox 739 3938 809 3980; x_wconf 76' lang='lat' dir='ltr'>tetur</span> <span class='ocrx_word' id='word_1_426' title='bbox 831 3931 944 3979; x_wconf 83' lang='lat' dir='ltr'>mantica</span> <span class='ocrx_word' id='word_1_427' title='bbox 968 3930 1058 3994; x_wconf 65' lang='lat' dir='ltr'>tergo!</span> <span class='ocrx_word' id='word_1_428' title='bbox 1097 3932 1151 3982; x_wconf 87' lang='lat' dir='ltr'>Sed</span> <span class='ocrx_word' id='word_1_429' title='bbox 1172 3941 1201 3984; x_wconf 90' lang='lat' dir='ltr'>et</span> <span class='ocrx_word' id='word_1_430' title='bbox 1220 3937 1274 3985; x_wconf 87' lang='lat' dir='ltr'>aliis</span> 
     </span>
    </p>

    <p class='ocr_par' dir='ltr' id='par_1_9' title="bbox 164 4006 1274 4153">
     <span class='ocr_line' id='line_1_43' title="bbox 196 4006 1273 4075; baseline 0.005 -18"><span class='ocrx_word' id='word_1_431' title='bbox 196 4012 212 4057; x_wconf 79' lang='lat'>2</span> <span class='ocrx_word' id='word_1_432' title='bbox 231 4009 340 4071; x_wconf 80' lang='lat' dir='ltr'>Propriis</span> <span class='ocrx_word' id='word_1_433' title='bbox 362 4010 476 4072; x_wconf 81' lang='lat' dir='ltr'>repletum</span> <span class='ocrx_word' id='word_1_434' title='bbox 494 4010 573 4074; x_wconf 79' lang='lat' dir='ltr'>vitiis]</span> <span class='ocrx_word' id='word_1_435' title='bbox 590 4012 700 4075; x_wconf 75' lang='lat' dir='ltr'>Elegsn-</span> <span class='ocrx_word' id='word_1_436' title='bbox 738 4012 787 4059; x_wconf 77' lang='lat' dir='ltr'>lunc</span> <span class='ocrx_word' id='word_1_437' title='bbox 799 4008 989 4071; x_wconf 81' lang='lat' dir='ltr'>elegantissima</span> <span class='ocrx_word' id='word_1_438' title='bbox 1001 4006 1147 4059; x_wconf 82' lang='lat' dir='ltr'>sabellanti</span> <span class='ocrx_word' id='word_1_439' title='bbox 1158 4012 1273 4074; x_wconf 85' lang='lat' dir='ltr'>placuit:</span> 
     </span>
     <span class='ocr_line' id='line_1_44' title="bbox 164 4082 1274 4153; baseline 0.005 -21"><span class='ocrx_word' id='word_1_440' title='bbox 164 4082 263 4133; x_wconf 85' lang='lat' dir='ltr'>tissime</span> <span class='ocrx_word' id='word_1_441' title='bbox 285 4083 411 4133; x_wconf 81' lang='lat' dir='ltr'>Horatius</span> <span class='ocrx_word' id='word_1_442' title='bbox 429 4084 485 4134; x_wconf 80' lang='lat' dir='ltr'>Sat.</span> <span class='ocrx_word' id='word_1_443' title='bbox 497 4098 516 4133; x_wconf 94' lang='grc' dir='ltr'>ι.</span> <span class='ocrx_word' id='word_1_444' title='bbox 528 4090 552 4134; x_wconf 74' lang='lat'>³.</span> <span class='ocrx_word' id='word_1_445' title='bbox 568 4088 699 4149; x_wconf 74' lang='lat' dir='ltr'>‘Egomet</span> <span class='ocrx_word' id='word_1_446' title='bbox 739 4093 769 4136; x_wconf 92' lang='lat' dir='ltr'>ut</span> <span class='ocrx_word' id='word_1_447' title='bbox 778 4085 888 4144; x_wconf 76' lang='lat' dir='ltr'>Gelono,</span> <span class='ocrx_word' id='word_1_448' title='bbox 900 4083 1088 4133; x_wconf 84' lang='lat' dir='ltr'>utThemistio.</span> <span class='ocrx_word' id='word_1_449' title='bbox 1124 4085 1212 4150; x_wconf 68' lang='lat' dir='ltr'>Huius</span> <span class='ocrx_word' id='word_1_450' title='bbox 1222 4089 1274 4153; x_wconf 88' lang='lat' dir='ltr'>qni·</span> 
     </span>
    </p>
   </div>
   <div class='ocr_carea' id='block_1_7' title="bbox 162 4157 1273 4226">
    <p class='ocr_par' dir='ltr' id='par_1_10' title="bbox 162 4157 1273 4226">
     <span class='ocr_line' id='line_1_45' title="bbox 162 4157 1273 4226; baseline 0.005 -18"><span class='ocrx_word' id='word_1_451' title='bbox 162 4157 324 4225; x_wconf 68' lang='lat' dir='ltr'>miipnosco,</span> <span class='ocrx_word' id='word_1_452' title='bbox 343 4159 452 4211; x_wconf 70' lang='lat' dir='ltr'>lintius</span> <span class='ocrx_word' id='word_1_453' title='bbox 471 4161 564 4226; x_wconf 88' lang='lat' dir='ltr'>inquit.</span> <span class='ocrx_word' id='word_1_454' title='bbox 597 4164 699 4221; x_wconf 85' lang='lat' dir='ltr'>Stultus</span> <span class='ocrx_word' id='word_1_455' title='bbox 739 4165 798 4216; x_wconf 86' lang='lat' dir='ltr'>dem</span> <span class='ocrx_word' id='word_1_456' title='bbox 823 4163 907 4217; x_wconf 78' lang='lat' dir='ltr'>locuni</span> <span class='ocrx_word' id='word_1_457' title='bbox 935 4160 996 4216; x_wconf 81' lang='lat' dir='ltr'>mihi</span> <span class='ocrx_word' id='word_1_458' title='bbox 1023 4159 1150 4220; x_wconf 69' lang='lat' dir='ltr'>iudicarit</span> <span class='ocrx_word' id='word_1_459' title='bbox 1177 4165 1273 4221; x_wconf 73' lang='lat' dir='ltr'>amicas</span> 
     </span>
    </p>
   </div>
   <div class='ocr_carea' id='block_1_8' title="bbox 0 0 1362 4696">
    <p class='ocr_par' dir='ltr' id='par_1_11' title="bbox 0 0 1362 4696">
     <span class='ocr_line' id='line_1_46' title="bbox 0 0 1362 4696; baseline 0 0"><span class='ocrx_word' id='word_1_460' title='bbox 0 0 1362 4696; x_wconf 95' lang='lat' dir='ltr'> </span> 
     </span>
    </p>
   </div>
  </div>
 </body>
</html>
