2714 4696
126 270 194 340 ⁷28
366 284 563 340 mutans
586 264 805 341 animorum
834 284 1007 343 raanan

127 435 323 500 lmebtmans.
337 437 490 507 ⁴.-Qats
511 435 603 499 editio
616 436 694 499 inter
705 437 938 501 namneum
949 438 1097 520 phosps
1112 439 1236 506 hu!

126 532 169 594 ob
181 550 293 593 uorum
307 533 563 604 commentarium,
578 533 695 612 prolixe
707 544 806 595 tsrnsn
829 535 985 614 seriptum,
998 544 1032 596 et
1053 534 1165 616 inquo
1183 535 1238 601 tus

194 627 315 688 nimium
336 628 393 690 sibi
408 631 527 708 suisque
540 630 798 692 emendationibus
822 631 1031 710 indulgens,'a
1056 633 1167 694 veriori
1185 635 1240 696 mi·

126 724 189 787 ties
201 723 316 784 ratione
329 734 360 784 et
382 725 621 805 interpretatione
643 727 771 787 aberrat.
792 727 930 788 Praefatio
952 728 992 788 de
1016 749 1049 790 re
1070 730 1188 803 eritius,
1208 734 1238 792 et

125 822 275 885 modestia
288 821 318 881 in
331 842 367 882 ea
380 823 594 894 conservanda,
608 824 747 902 opposita
761 823 882 902 quidem
895 835 943 885 est
952 826 1084 887 Bratleii
1095 829 1237 902 sadda,

127 918 181 981 sed
195 919 355 1009 loquentia
368 920 494 980 multum
511 940 632 1000 quoque
644 920 754 991 haben
775 929 907 982 ceterum
920 923 962 982 ab
971 924 1238 996 observationibus

117 1034 165 1103 ,ex
178 1019 251 1082 Nic.
265 1017 379 1079 Perotti
391 1018 520 1096 epitome
534 1019 711 1080 fabularum
727 1019 841 1098 AEsopi,
863 1018 980 1090 Avieni,
1000 1029 1031 1078 et
1057 1020 1180 1081 taetri
1197 1041 1238 1082 re·

123 1115 240 1195 petitis,
254 1114 497 1175 commendatior.
520 1114 669 1176 librarios
684 1114 813 1193 denique
827 1113 957 1193 subjecit
970 1114 1043 1175 baie
1063 1116 1114 1177 ed.
1124 1117 1240 1198 Episto-

125 1208 185 1271 lam
198 1209 283 1270 Harii
295 1209 437 1291 aduersus
451 1211 576 1271 Bentleii
590 1211 758 1272 Pbadrum.
776 1250 781 1259 ·

13 1347 16 1351 -
165 1305 336 1367 —Puedri
349 1304 526 1367 Fabulamm
542 1308 644 1387 AEsop.
659 1306 738 1368 Libri
753 1322 785 1366 v.
801 1306 836 1366 P.
851 1306 1238 1386 Syrietaliorumreternn

25 1403 28 1407 ’
127 1402 298 1478 Sententiae,
313 1424 349 1464 ex
360 1403 534 1465 recensione
544 1411 577 1464 et
590 1421 659 1464 eam
672 1401 752 1463 notis
761 1402 850 1461 Rich.
864 1402 1001 1464 lientleii.
1015 1405 1093 1466 Cum
1107 1405 1239 1484 ejusden

126 1498 283 1561 Terentio.
305 1498 529 1572 Amstelodsmi,
544 1498 626 1579 apud
648 1499 685 1558 n.
700 1507 732 1558 et
753 1499 783 1558 J.
799 1498 980 1560 Wetstenios
993 1508 1026 1560 et
1041 1499 1084 1559 G.
1099 1501 1239 1565 spitus

127 1595 595 1673 maie-Exhibetrtdditamenta
608 1606 640 1657 et
654 1593 892 1669 Emendationes,
907 1613 998 1657 manu
1007 1595 1105 1675 ipsias
1119 1598 1238 1662 lientleii

60 1692 62 1696 ’
127 1692 254 1771 margini
267 1691 315 1751 ed.
334 1690 422 1764 1726.
437 1691 617 1772 adsn'riptas.

168 1822 210 1834 -
223 1789 340 1849 Phaedri
350 1789 527 1850 Fabulurom
542 1791 645 1868 AEsop.
662 1787 745 1850 libri
759 1804 792 1849 r.
806 1807 874 1849 eum
883 1789 1074 1868 Appendioe.
1085 1790 1241 1853 Rerenruit

128 1891 161 1944 et
174 1885 390 1945 commentariis
404 1883 571 1957 illustrarit,
589 1903 707 1945 necnon
722 1883 841 1945 lodices
853 1883 968 1963 adjecit
978 1885 1028 1946 lo.
1041 1885 1125 1948 Dar.
1150 1888 1240 1949 leos-

129 1979 250 2042 ltardus.
275 1982 370 2042 lenm.
394 1978 580 2042 ra-Gudii
593 1988 624 2040 et
639 1979 779 2041 Sebefferi
794 1979 921 2041 maxime
935 1990 1021 2042 notus
1034 1980 1066 2041 in
1080 2000 1157 2045 suos
1175 2002 1239 2046 arm

129 2076 278 2139 convertit
291 2076 399 2138 editor.

169 2207 212 2221 -
225 2174 333 2235 Daneti
343 2173 437 2235 editio
451 2174 483 2235 in
493 2195 580 2236 asum
594 2173 739 2254 Delphini
748 2192 863 2235 reeasa.
878 2172 1015 2234 londini.
1027 2183 1058 2237 8.

130 2306 135 2315 ·
171 2305 212 2318 -
222 2270 342 2332 Phaedri
353 2273 532 2335 Fabulsrum
539 2274 643 2352 Esop.
657 2270 738 2335 Libri
751 2288 785 2332 v.
799 2290 837 2331 ex
850 2269 925 2332 edit.
938 2270 988 2332 lo.
1001 2270 1137 2353 Stiriing.
1155 2274 1238 2353 <c-

131 2368 264 2431 versione
276 2367 428 2447 Anglioa.)
449 2366 627 2449 Edinburgi.
642 2375 671 2429 8.

170 2464 377 2537 -l’haedrus,
390 2484 459 2527 cum
473 2465 552 2526 notis
573 2464 678 2527 Germ.
695 2464 792 2525 Gabi.
814 2464 1006 2525 Schamanni.
1030 2464 1131 2543 lipia.
1154 2476 1238 2532 12.-

130 2560 282 2642 liepetitio
296 2563 345 2622 ed.
371 2567 460 2632 1715.

170 2660 275 2718 -les
290 2658 397 2719 Fables
405 2657 444 2719 de
457 2656 583 2730 Phidre,
597 2677 633 2717 en
648 2657 733 2718 Latin
743 2666 773 2717 et
787 2675 825 2717 en
838 2657 986 2738 l'ranpois,
998 2662 1192 2738 augmenties
1204 2644 1239 2722 de'

130 2754 276 2834 plusieurs
290 2742 396 2814 Fables
410 2763 442 2815 et
452 2754 506 2815 des
520 2757 682 2815 &amoses
703 2753 742 2815 de
765 2753 889 2813 Publius
911 2755 1014 2833 Syrus,
1041 2757 1094 2834 qui
1117 2778 1153 2818 ne
1176 2768 1239 2820 sont

21 2924 23 2928 ι
131 2867 186 2929 pas
200 2849 274 2910 dens
288 2849 475 2911 lesEditions
498 2852 702 2931 prieidentes.
724 2849 909 2912 Traduction
930 2852 1079 2926 nouvelle,
1096 2874 1169 2915 arec
1190 2856 1239 2916 des

131 2945 229 3008 Notes
243 2946 392 3028 critiques,
412 2948 548 3022 morales,
563 2958 593 3009 et
614 2948 802 3028 historiques,
826 2948 877 3026 qui
890 2966 928 3007 en
952 2946 1102 3010 facilitent
1121 2951 1240 3013 lintelli-

133 3062 239 3124 genee,
252 3052 284 3105 et
306 3045 360 3107 des
375 3045 504 3107 Chiffres
517 3046 571 3124 qui
591 3064 629 3105 en
651 3044 781 3106 forment
801 3043 831 3104 la
856 3044 1079 3108 Construction.
1100 3036 1133 3106 A'
1151 3049 1240 3124 Paris,

134 3139 210 3201 uber
236 3140 280 3201 les
295 3143 396 3204 Frires
409 3144 540 3204 Rarbou.
557 3141 752 3206 12.-Editor
774 3141 866 3202 libelli
888 3151 933 3202 est
944 3143 992 3203 Jo.
1008 3141 1119 3203 Claud.
1136 3145 1240 3218 Fabre,

135 3238 267 3299 oratorii
278 3242 351 3303 Jesu
365 3241 517 3314 sacerdos,
532 3240 611 3303 idem
626 3239 679 3320 qui
688 3240 802 3320 Fleuryi
820 3239 946 3300 Abbatis
954 3238 1120 3302 Historiam
1133 3245 1240 3306 eccles

135 3335 328 3419 continuavit.
348 3318 481 3400 Pldrima
494 3358 563 3399 vero
577 3337 760 3417 exscripsite
776 3337 855 3398 notis
871 3337 949 3397 liob.
966 3336 1174 3414 Prerost,vid.
1197 3360 1241 3402 sn-

134 3447 190 3508 pra
203 3451 253 3493 an.
272 3442 358 3503 1702.
375 3434 433 3495 atii
445 3435 522 3496 hano
536 3435 586 3495 ed.
599 3436 751 3514 assignant
761 3453 840 3494 anno
854 3436 944 3503 1788.

181 3535 258 3594 1788
279 3529 398 3591 l’baedri
412 3531 543 3601 Fabulae,
566 3551 633 3591 eum
654 3530 896 3608 interpretatione
920 3528 1088 3608 Angliesns
1102 3531 1241 3613 praxiqus

136 3625 360 3702 grammaticali.
401 3629 503 3707 Opem
516 3627 586 3688 Nic.
602 3627 712 3709 Bailey.
727 3627 864 3688 londini.
881 3626 1040 3689 8.—Coni.
1054 3646 1106 3689 an.
1125 3638 1214 3700 1781.

178 3750 219 3767 -
233 3721 385 3797 Phaedrus,
400 3744 470 3788 uum
489 3725 566 3788 notis
579 3726 682 3788 Germ.
704 3725 771 3787 Em.
786 3724 910 3789 abari.
924 3727 1068 3802 Auguste
1083 3726 1176 3788 Vind.
1194 3746 1243 3808 sp.

137 3813 234 3878 blera.
250 3827 278 3879 8.

179 3944 221 3957 --
231 3914 356 3978 Reeueil
368 3918 420 3980 des
430 3920 538 3981 Fables
547 3919 690 4000 d’Esope,
700 3920 741 3984 de
754 3920 880 3994 Phtdre,
895 3929 927 3983 et
940 3920 1014 3983 dela
1029 3924 1053 3983 F
1054 3919 1244 4001 ontaine,qui

138 4016 192 4071 ont
205 4023 333 4089 rapport
344 4016 387 4077 les
401 4037 473 4078 unes
484 4037 543 4080 sua
555 4025 666 4091 autres,
685 4036 724 4080 en
737 4019 831 4091 Grec,
847 4017 988 4091 intimet
1001 4019 1155 4102 Frsnpois,
1176 4035 1244 4080 areo

140 4105 179 4178 de
190 4116 308 4172 comtes
319 4111 425 4187 Notes,
438 4135 495 4193 par
506 4116 552 4178 bl.
564 4115 719 4198 Gaullyer.
755 4120 783 4179 A
798 4115 892 4180 Paris.
906 4124 936 4178 8.
