2714 4696
590 284 639 334 na
665 272 838 335 raanan.
1203 272 1270 339 796

402 433 483 497 Falli
496 453 552 507 eos,
567 436 620 515 psi
634 434 763 496 Plaedri
777 435 830 495 isos
841 455 899 496 ease
912 442 1035 516 negant.

206 547 277 610 Nic.
294 550 446 610 Perottum
461 548 578 609 videtur
599 559 752 610 auctorem
773 547 940 609 fabularum
957 547 1074 609 Phaedri
1094 548 1193 608 iacere
1216 547 1273 606 Pe·

162 655 227 706 trus
239 646 411 706 Scriverius.
444 647 531 706 Certe
546 644 682 723 scriptori
695 645 817 723 antiquo
832 645 987 705 Tiberiani
1001 645 1056 704 eri
1071 645 1136 706 illas
1149 662 1271 724 prorsus

162 743 252 821 eripit
266 753 297 803 et
317 742 483 821 abjudicat,
498 742 535 803 ad
558 742 702 802 Martialis
723 757 777 803 111.
797 750 847 802 90.
870 752 903 802 ut
917 741 1038 803 Vossius
1053 743 1083 801 in
1097 740 1271 804 Aristarcho

165 853 206 898 11.
225 837 271 898 16.
313 842 359 899 Ac
381 839 535 900 Perottum
551 859 621 900 sune
634 840 656 899 si
670 840 832 911 audimus,¹
856 841 968 900 iseum
988 848 1114 900 testatus
1134 847 1223 910 esset,
1239 857 1270 896 se

162 934 380 996 adolescentem
395 955 431 995 er
447 936 563 996 Aviano
578 937 696 997 fabulas
710 936 838 998 iambico
849 937 979 998 carmine
993 936 1185 1007 transtulisse,
1199 953 1266 995 mor

161 1030 264 1090 iisdem
278 1031 375 1092 verbis
390 1031 497 1093 deinde
508 1034 614 1094 recitat
628 1034 772 1117 integram
788 1034 929 1106 fabulam,
951 1034 1047 1114 qualis
1061 1033 1100 1093 de
1111 1031 1269 1092 arboribus

161 1127 191 1185 in
208 1127 338 1187 Deorum
353 1128 540 1206 tutela‘aputl
554 1130 712 1191 Phaedrum
730 1147 785 1189 ιιι.
804 1138 851 1197 17.
867 1131 982 1210 legitur,
999 1129 1055 1192 nisi
1070 1127 1268 1210 quodrectius

160 1223 189 1283 in
203 1222 322 1284 Phaedri
338 1224 426 1285 hodie
440 1235 535 1286 exstat
550 1226 663 1288 Codice
673 1230 767 1308 pinus
780 1223 905 1306 Cybelo,
920 1247 1009 1305 quam
1024 1225 1105 1306 quod
1120 1226 1269 1296 Perottus,

155 1320 252 1397 pistas
267 1320 425 1400 Neptuno:
446 1332 476 1382 et
490 1323 632 1396 Paemus,
648 1325 762 1385 Pinum
777 1322 893 1384 humidi
904 1321 1186 1402 tridentiferrector
1200 1321 1268 1381 soli.

160 1415 299 1477 Ceterum
320 1438 375 1478 nec
392 1417 500 1480 fabule
519 1431 625 1482 ceterae
644 1422 756 1482 Perotti
778 1418 865 1480 editae
880 1440 1003 1498 usquam
1019 1426 1105 1479 sunt:
1129 1417 1269 1496 usquein

159 1511 275 1571 Avieno
297 1511 398 1572 fabula
412 1513 488 1574 illius
502 1517 667 1594 argumenti
682 1517 838 1596 reperitur,
852 1535 940 1593 quam
962 1514 1090 1575 carmine
1104 1513 1269 1591 exprimere
1296 1556 1299 1559 -

159 1605 296 1667 Perottus
311 1608 451 1686 potuerit.
495 1608 590 1688 igitur
609 1611 746 1672 barthius
764 1611 818 1672 lib.
833 1627 944 1672 xxxv.
960 1611 1116 1671 adversar.
1132 1630 1201 1689 cap.
1216 1615 1267 1672 35.

109 1731 110 1734 ¹
157 1714 191 1766 et
212 1724 281 1784 pag.
305 1717 375 1778 827.
399 1706 436 1767 ad
460 1707 619 1769 Claudian.
638 1708 797 1769 Phaedrum
823 1710 1046 1769 ‘citraonrnem
1060 1709 1267 1789 exceptionem

158 1801 311 1864 Tiberiani
326 1806 502 1883 scriptorem
517 1805 583 1865 aevi'
605 1805 767 1883 protessus,
783 1806 959 1867 Seriverium
981 1804 1099 1878 refellit,
1114 1806 1267 1867 Perottnm

157 1909 255 1959 autem
272 1901 420 1980 imponere
444 1901 602 1963 lectoribus
625 1902 685 1963 suis
708 1904 834 1964 voluisse
857 1923 915 1963 non
930 1903 1060 1975 dubitat,
1076 1913 1172 1964 ratum
1186 1902 1266 1982 apud

156 2019 189 2059 se
214 1998 307 2058 solum
334 1997 455 2060 Phaedri
477 2001 646 2079 exemplum
669 2011 788 2072 entare3
813 2002 914 2080 itaque
929 2020 1028 2061 versus
1042 2000 1121 2061 illius
1134 2019 1190 2080 pro
1204 2000 1266 2061 auis

155 2094 301 2155 audacter
314 2094 457 2154 venditari
473 2115 490 2154 a
508 2116 541 2156 se
557 2115 655 2173 posse.
697 2097 791 2157 Recte
805 2096 931 2175 optabat
944 2097 1143 2169 burmannus,
1158 2107 1192 2156 ut
1205 2095 1265 2156 Co·

154 2191 224 2261 der,
240 2209 256 2249 e
271 2209 332 2265 quo
345 2190 483 2249 Perottus
503 2190 617 2262 sumsit,
633 2191 814 2268 reperiretur.
858 2191 1001 2250 codicem
1017 2191 1133 2270 quidem
1148 2190 1265 2252 fabula·

155 2308 221 2349 rum
235 2306 252 2346 a
266 2287 389 2347 Perotto
404 2286 579 2363 scriptarum
593 2286 622 2344 in
637 2285 720 2345 ltalia
734 2286 843 2364 reperit
856 2286 1035 2346 Dorvillius:
1056 2287 1094 2348 de
1109 2307 1169 2366 quo
1182 2287 1265 2348 vide·

155 2392 218 2455 ant,
233 2384 285 2463 qui
300 2383 400 2465 velint,
420 2381 623 2464 prefationem
646 2383 808 2444 Burmanni
829 2382 866 2444 ad
891 2383 1059 2443 Phaedrum.
1103 2382 1162 2444 Sed
1178 2373 1265 2445 'hanc

155 2480 323 2559 opinionem
343 2481 382 2540 de
401 2478 509 2540 fabulis
525 2479 587 2539 istis
603 2499 660 2539 non
676 2480 716 2540 illi
736 2479 864 2540 Phaedro
876 2480 1012 2557 antiquo,
1033 2479 1085 2538 sed
1106 2478 1263 2540 recentiori
1283 2517 1285 2520 .

155 2576 255 2648 alicui,
275 2575 451 2646 tribuendis,
466 2575 582 2635 recoxit
602 2584 670 2635 ante
690 2594 782 2637 annos
805 2576 905 2654 plures
929 2577 977 2636 Jo.
1004 2574 1084 2634 Prid.
1104 2574 1262 2647 Christius,

153 2674 267 2752 scripta
290 2672 429 2750 peculiari
446 2673 655 2750 Disputatione
675 2692 765 2752 super
786 2693 819 2734 ea
839 2694 889 2744 re;
912 2673 941 2732 in
963 2692 1022 2753 qna
1035 2673 1140 2744 multa,
1154 2674 1262 2752 partim

155 2770 185 2829 in
201 2770 301 2842 rebus,
315 2768 421 2847 partim
438 2769 467 2828 in
483 2771 612 2830 verbisa
629 2790 660 2831 se
674 2780 789 2849 reperta
804 2771 890 2842 dicit,
905 2780 1029 2851 propter
1044 2790 1111 2850 quae
1126 2771 1209 2842 istius
1222 2792 1263 2833 ω-

154 2867 223 2929 tatis
238 2885 300 2926 esse
315 2886 373 2926 non
398 2877 519 2945 possent
541 2867 587 2928 hre
608 2868 735 2930 fabulae:
758 2869 786 2929 in
811 2869 920 2949 quibus
936 2871 960 2930 si
983 2868 1109 2930 maxime
1124 2872 1262 2948 quaedam

154 2964 267 3026 habent
281 2964 410 3043 speciem
425 2964 564 3043 aliquam,
580 2966 741 3043 praesertim
764 2966 844 3044 apud
869 2966 1056 3027 mediocriter
1074 2977 1207 3027 versatos
1230 2968 1260 3027 in

154 3062 199 3121 his
220 3062 320 3133 rebus,
342 3068 441 3120 tamen
466 3081 500 3121 ea
520 3071 700 3123 momentum
723 3083 782 3123 nou
804 3063 926 3135 faciunt,
943 3063 1127 3143 redeuntque
1140 3063 1260 3124 taudem

153 3158 254 3220 omnia
268 3157 307 3216 ad
320 3166 436 3217 aetatem
452 3156 581 3226 Codicis,
597 3180 613 3217 e
627 3178 688 3237 quo
700 3158 835 3233 Pithoeus
844 3179 894 3218 eas
908 3158 1023 3218 fabulas
1038 3157 1142 3219 edidit.
1183 3157 1260 3218 Eum

152 3265 254 3317 autem
273 3251 407 3314 Pithoeus
434 3252 518 3313 valde
536 3255 689 3334 antiquum
704 3253 794 3323 dicit;
817 3254 860 3312 vir
881 3273 938 3313 non
953 3252 1034 3314 rudis
1049 3253 1090 3313 rei
1105 3253 1214 3315 criticae
1228 3265 1260 3317 et

151 3349 429 3430 normannensis
445 3350 504 3409 hoc
522 3349 640 3427 judicio
655 3350 714 3410 salli
736 3360 850 3430 posset,
870 3351 1033 3431 prasertim
1052 3371 1121 3411 cum
1143 3352 1259 3413 novitas

151 3447 221 3508 libri
240 3447 361 3507 deberet
376 3447 404 3505 in
420 3438 523 3506 oculos
537 3448 686 3507 incurrere
700 3447 832 3519 cuilibet,
855 3448 878 3508 si
894 3447 1007 3508 Perotti
1028 3457 1114 3507 atate
1129 3447 1259 3525 scriptus

150 3553 239 3605 esset.
281 3544 406 3623 Scripsit
426 3554 530 3604 contra
553 3544 676 3605 Christii
698 3544 932 3623 Disputationem
954 3545 1103 3605 Punccius
1121 3545 1258 3625 Marpur·

148 3641 248 3721 gensis
261 3641 436 3720 Apologiam
451 3660 506 3719 pro
520 3642 648 3704 Phaedro
662 3653 692 3706 et
706 3643 771 3722 ejus
789 3642 897 3704 fabulis
912 3642 992 3722 lips.
1009 3652 1096 3711 1747.
1114 3651 1143 3704 8.
1156 3642 1208 3713 itu,
1224 3651 1258 3703 ut

150 3737 277 3799 dilueret
291 3739 339 3800 illc
354 3738 475 3818 quidem
491 3738 610 3816 objecta
625 3740 701 3801 libro
716 3760 774 3800 non
788 3759 896 3819 pauca,
911 3740 963 3799 sed
986 3740 1143 3801 Phaedrum
1158 3740 1256 3820 ipsum

652 3870 755 3921 NOTAE

185 3986 193 4013 ¹
212 3983 243 4033 In
264 3984 345 4034 Cornu
367 3985 450 4050 Copia
472 4001 496 4049 p·
515 3989 572 4037 999.
596 3985 684 4035 Confer
724 3985 812 4035 Bernh.
831 3986 955 4036 Monetam
977 3989 1008 4037 ad
1027 3989 1172 4053 Menagima
1187 3988 1255 4050 Tem,

150 4061 284 4111 leonhardi
296 4061 422 4111 Nicodemi
434 4062 567 4113 additiones
577 4063 608 4112 ad
620 4063 683 4112 Bibl.
724 4079 761 4112 ru.
772 4079 825 4129 pag.
839 4069 893 4116 trs.
905 4081 953 4129 seq·

150 4137 334 4204 Neapolitanam
355 4139 410 4190 Nic.
433 4139 513 4206 'l’oppi
531 4157 557 4205 p.
580 4146 636 4193 184.
659 4148 684 4188 et

112 4217 141 4255 ’Ὗ
214 4221 338 4286 ”elpinet
352 4222 412 4275 Ver.
425 4223 490 4274 ctus.
671 4222 769 4275 Plaedr.
1140 4222 1196 4272 Π
