2714 4696
234 328 242 337 ·
353 305 563 385 11111111
590 306 807 356 11111111
834 305 999 354 numum.
1163 289 1229 355 713

165 488 206 502 ·-—
216 455 337 520 Phaedri
349 468 381 520 et
393 458 495 519 Avieni
510 457 643 518 Fabulae.
670 458 797 531 Parisiis,
814 459 895 538 apud
920 455 990 518 Seb.
1002 453 1167 535 Cramoisy,
1183 474 1229 518 11-

116 551 395 643 Ι111111113111111111
410 553 510 634 Regis.
527 553 688 616 rn-vid.
702 573 792 633 supra
805 574 851 615 an.
866 552 956 623 1637.

170 648 248 714 1664
268 652 354 714 Fabri
381 666 421 710 11.
444 655 492 726 (ex
508 665 533 709 r.
560 649 612 710 sed
635 650 723 730 longe
741 650 937 730 locupletior.)
957 648 1076 709 Phaedri
1098 648 1230 722 Fabulae,

124 765 194 806 cum
209 749 287 808 notis
301 758 332 809 et
343 746 595 810 emendationibus
607 746 780 828 Tanaquilli
795 747 892 808 fabri.
930 745 1043 807 Addita
1054 755 1098 806 est
1113 747 1231 807 Gallica

123 842 221 902 versio
231 842 369 918 (Albini),
380 852 411 904 et
426 843 454 902 in
470 862 535 903 earn
550 842 828 905 animadversiones.
851 842 996 903 Salmurii.
1021 852 1068 905 lt.

164 972 205 983 -
220 939 607 1000 Freinshemi0·Holstiann:
639 940 757 1001 l’haedri
783 944 860 1020 Aug.
888 940 954 1000 Lib.
982 938 1113 1010 Fabulae,
1137 958 1155 997 a
1179 939 1230 999 Jo.

124 1033 324 1095 Freinshemio
331 1035 537 1098 emendatione
552 1045 662 1109 tentus,
671 1036 809 1109 historiis,
820 1037 908 1107 notis,
919 1045 949 1097 et
959 1035 1054 1096 indice
1065 1036 1230 1096 illustratae.

124 1130 329 1208 Depromebat
343 1151 359 1191 e
373 1130 804 1192 bibliotheca'Freinshemiana
818 1133 911 1192 llcnr.
933 1132 1075 1193 Holstius.
1118 1137 1233 1214 Argen·

124 1227 225 1298 torati,
249 1226 390 1306 impensis
403 1228 476 1288 Sim.
498 1227 603 1286 Paulli.
627 1226 830 1306 8.-Adjecla
843 1236 889 1286 est
902 1227 940 1287 ad
964 1227 1091 1308 singulas
1114 1227 1232 1290 fabulas

125 1321 248 1383 historia
263 1343 439 1403 congruens,
453 1342 490 1382 er
505 1331 635 1383 veterum
651 1321 772 1401 scriptis
786 1332 937 1384 annotata.
979 1322 1089 1384 Praeter
1102 1323 1233 1385 animad-

124 1418 273 1480 versiones
287 1420 475 1481 Freinshemii
491 1421 663 1497 postlrumas
678 1419 795 1480 inserta
811 1428 880 1481 sunt
891 1419 1090 1492 Rittersbusii,
1106 1419 1233 1498 Rigaltii,

125 1516 285 1588 Buchneri,
299 1528 389 1577 notae.
416 1514 545 1575 Additus
561 1515 654 1575 ludex
668 1516 897 1596 copiosissimus.
931 1517 1070 1578 Ceterum
1085 1515 1231 1586 Holstius‚

125 1611 244 1683 Danas,
259 1611 356 1672 vidum
371 1612 561 1671 Freiuslremii
577 1613 709 1686 maritus,
729 1614 826 1675 estitit
840 1615 933 1674 lraeres
948 1612 1153 1686 bibliothecae,
1173 1631 1231 1672 non

124 1707 271 1767 doctrinae
285 1707 483 1768 Freinshemii.

173 1801 251 1872 1667
273 1803 414 1865 Schelleri
429 1821 471 1865 rr.
484 1803 641 1878 Phaedrus,
656 1825 723 1866 cum
739 1807 817 1867 notis
829 1808 916 1868 lona.
932 1805 1075 1868 Sclrefferi
1087 1814 1116 1867 et
1131 1807 1236 1866 Franc.

125 1902 238 1982 Guyeti
253 1899 495 1978 castigationibus
508 1898 628 1975 criticis,
643 1908 673 1961 et
687 1901 805 1963 Gallica
819 1902 920 1963 Albini
935 1901 1077 1962 versione.
1092 1901 1234 1979 Upsaliae.

125 1998 258 2060 Ereudit
285 1999 377 2059 Henr.
401 1998 502 2071 Curio,
524 1999 557 2059 S.
578 1998 617 2058 R.
639 1998 683 2058 M.
705 2009 734 2060 et
757 1999 853 2061 Acad.
877 1999 981 2079 Upsal.
1003 1996 1182 2076 Bibliopola.
1206 2004 1234 2058 8.

125 2095 282 2158 -Reddir
295 2094 452 2154 editionem
470 2091 558 2156 1663.
574 2094 627 2154 sed
642 2096 872 2158 emendatiorem
884 2107 913 2155 et
924 2094 1096 2158 auctiorem.
1112 2097 1146 2154 ln
1157 2094 1235 2156 notia

126 2212 187 2255 non
204 2209 270 2250 raro
283 2190 378 2250 Faber
392 2189 565 2270 castigatur.
582 2257 585 2262 ,
1322 2236 1324 2243 .

167 2322 208 2332 -
223 2284 340 2345 Plraedri
353 2287 433 2363 Aug.
449 2283 517 2343 Lib.
528 2284 706 2345 Fabularum
722 2287 824 2367 AEsop.
840 2288 918 2348 Libri
936 2304 967 2346 v.
989 2288 1065 2349 notis
1079 2287 1232 2367 perpetuis
1257 2335 1260 2341 .

125 2382 276 2452 illustrati,
291 2390 322 2441 et
336 2400 404 2440 cum
418 2379 537 2459 integris
552 2380 675 2441 aliorum
690 2381 945 2444 observationibus
970 2385 999 2443 in
1021 2384 1118 2443 lucem
1133 2383 1236 2444 edilia

126 2485 175 2546 Jo.
189 2479 358 2541 Laurentio.
381 2475 608 2548 Arustelodami,
622 2470 701 2558 apud
715 2479 764 2539 Jo.
778 2480 968 2540 Jonasonium
982 2500 1001 2539 a
1014 2480 1184 2559 Waesberg.
1208 2489 1236 2544 8.

126 2599 157 2639 c.
179 2575 251 2658 agg.
283 2576 333 2637 aeri
360 2571 623 2645 incisis—Editio,
648 2576 784 2654 quamvis
808 2596 827 2635 a
849 2577 885 2637 P.
908 2579 1074 2638 Burmauuo
1095 2576 1125 2637 iu
1149 2576 1236 2638 Praef.

126 2674 247 2738 Phaedri
261 2673 305 2733 sui
319 2692 366 2732 an.
388 2672 476 2742 1698.
489 2669 618 2749 iniquius
633 2671 763 2750 culpata,
778 2672 861 2752 qnod
876 2671 973 2735 editor
982 2672 1106 2735 aliorum
1119 2673 1236 2734 laborer

126 2781 280 2834 truncatos
293 2768 430 2841 ediderit,
445 2767 585 2828 damnum
601 2768 659 2829 hoc
670 2767 816 2844 iconibus,
833 2770 1033 2851 quassiugulis
1044 2771 1151 2832 fabulis
1161 2791 1237 2854 prae·

127 2868 244 2950 positas
258 2886 293 2926 ea
307 2865 408 2937 habet,
422 2862 609 2944 pensandum
621 2864 789 2939 crediderit,
805 2867 884 2927 haud
898 2867 984 2946 plane
1008 2868 1235 2930 contemnenda.

127 2965 237 3042 Neque
251 2963 328 3021 enim
343 2959 440 3027 editor
454 2962 613 3042 quicquam
628 2960 668 3022 de
680 2960 803 3023 aliorum
817 2965 893 3025 notis
906 2964 1015 3036 omisit,
1028 2964 1079 3026 sed
1091 2965 1235 3045 quicquid

127 3065 158 3123 in
172 3062 207 3121 111
221 3060 259 3120 ad
274 3059 406 3119 criticam
421 3059 561 3122 rationem
573 3058 754 3137 pertinebat,
770 3060 800 3120 in
815 3059 872 3121 fine
886 3060 954 3123 libri
966 3061 1127 3124 collectum
1140 3061 1236 3122 dedit.

127 3160 231 3221 Habet
244 3177 312 3218 vero
326 3165 412 3216 notar
426 3156 556 3233 Rigaltii,
574 3156 772 3229 ltitterslrusii,
784 3157 929 3238 Scioppii,
945 3157 1077 3228 Meursii,
1094 3157 1189 3231 Fabri,
1204 3168 1235 3220 et

127 3253 287 3326 Schefferi,
315 3259 456 3332 preterea
470 3252 658 3331 prefationes
678 3252 793 3324 Pithoei,
826 3244 959 3334 Ripaltii,
980 3263 1010 3314 et
1032 3253 1234 3314 Rittershusii.

128 3353 268 3414 Ceterum
282 3350 311 3410 in
326 3351 383 3411 lrac
407 3348 548 3424 editione,
561 3349 647 3410 valde
660 3350 812 3422 mendosa,
827 3350 917 3430 paulo
931 3350 1067 3430 putidius
1081 3349 1236 3411 illustravit

128 3447 304 3512 laurentius
319 3445 475 3508 Phaedrum
490 3467 525 3508 er
541 3446 780 3527 Jurisprudeutia
794 3449 936 3510 Romana

173 3544 250 3608 1668
271 3544 391 3607 Phaedri
405 3544 582 3605 Fabulamm
598 3545 698 3622 AEsop.
720 3543 802 3604 Libri
828 3561 860 3603 v.
883 3565 920 3605 ca
946 3543 1113 3604 recensione
1137 3542 1236 3603 Chris·

129 3643 217 3722 toph.
232 3644 331 3705 Wase.
355 3641 492 3704 Londini.
509 3640 697 3703 8.-Wasiua
711 3640 790 3702 idem
804 3649 860 3713 est,
877 3640 929 3720 qui
941 3640 1078 3702 eximium
1097 3639 1135 3701 de
1146 3639 1235 3703 Sena·

128 3738 175 3803 rio
188 3737 298 3799 librum
312 3736 416 3799 edidit.

169 3851 211 3865 —
221 3818 376 3891 Phaedrus,
392 3835 462 3877 cnm
475 3816 605 3878 versione
620 3815 750 3878 Gallica.
768 3817 896 3880 Tolosa.
914 3827 962 3880 12.

102 3972 108 3985 ,
173 3913 248 3988 1671
272 3914 391 3978 l'lraedri
405 3918 483 3994 Aug.
497 3914 562 3976 Lib.
579 3908 758 3977 Fabularum
780 3915 883 3994 AEsop.
899 3914 980 3976 Libri
996 3931 1027 3976 r.
1042 3934 1111 3975 enm
1134 3914 1237 3994 priori·

129 4013 188 4075 bus
202 4022 233 4074 et
254 4012 470 4094 posterioribus
488 4011 566 4073 notis
588 4009 658 4071 Nic.
680 4009 811 4090 Rigaltii.
838 4013 945 4074 Petrus
970 4014 1053 4072 Aren
1077 4010 1236 4084 recensuit,

129 4128 259 4199 masque
273 4119 359 4172 notas
370 4108 493 4190 adjecit.
516 4107 694 4195 Hamburgi,
702 4108 845 4172 sumtibus
853 4111 900 4174 Jo.
910 4110 1077 4176 Naumauni
1085 4118 1114 4173 et
1123 4110 1233 4187 Georg.

198 4221 483 4288 1111111111..
646 4202 746 4274 1111.
1119 4219 1170 4270 rz
