2730 4688
279 261 432 311 urrunnu
459 261 539 311 uun.
563 259 791 309 rusorrnnusr
817 230 1094 310 nru.1v.'rnou.
1171 247 1236 311 563

128 403 313 454 illiteratorum
332 396 462 453 hominnm
481 417 562 453 careo
579 401 666 466 piendi
707 400 858 451 Inlilrreluor
868 401 974 462 plostrum
990 415 1032 449 nee
1046 400 1158 451 desidero.
1190 400 1235 452 Sic

130 479 373 530 mihinilrilruoror.
398 478 666 542 Extrieent‚quipos·
706 477 847 541 optimates
859 476 919 525 olim
938 476 1049 526 Romani
1066 478 1202 541 ‘plausum
1214 480 1236 529 ri

131 562 197 605 snut
208 553 305 620 eliquid
316 552 472 616 ingeniosius
483 570 490 613 ;
507 553 568 602 milri
580 551 665 603 fraudi
706 552 763 616 quis
782 566 871 601 eorum
883 552 1020 616 aliquando
1032 561 1182 617 receperat,
1203 568 1237 605 ne

132 644 193 680 esre
208 644 259 679 uon
279 629 369 687 debet,
390 629 421 690 ri,
438 628 505 693 quod
518 628 596 677 saluti
608 627 665 678 fore
705 627 766 692 quid
778 634 923 692 peccasset,
930 628 1148 691 pertimescebat!
1159 629 1236 681 Quod

132 721 222 770 opero,
230 704 257 754 id
266 704 420 754 consuadeo.
438 703 533 767 Sciiop.
566 704 665 753 Videre
706 702 808 752 videtur
829 702 862 751 od
880 703 1019 753 Phocionis
1038 705 1136 754 dietum
1157 707 1239 770 respi-

124 783 184 847 jem
197 789 275 831 antee
285 780 361 829 multi
372 779 510 842 legendum
523 793 589 842 erse,
605 779 665 828 Iuli·
706 792 776 841 cere,
787 779 880 843 dequo
890 779 1025 829 Plutarch.
1036 780 1169 844 Apophth.
1179 797 1237 847 cop.
1331 829 1332 832 ,

132 855 408 920 ierotusrploerrrmnon
424 856 537 906 desidero.
565 856 665 920 Neque
705 859 746 906 69.
778 853 885 905 Atlrero
904 854 972 919 quod
990 855 1100 918 adtinet,
1123 857 1238 908 Bnelrne·

132 946 198 983 vero
209 932 427 983 estcurMenrsii
439 930 470 979 V.
483 930 669 983 Cl.etdootir·,
706 945 750 980 rus
760 929 880 996 adjungit
889 932 1036 994 exemplum
1056 931 1173 995 Pindari,
1193 934 1238 998 qui

131 1008 193 1062 siml
209 1008 352 1060 auotoritas
369 1014 523 1071 opponetur.
556 1008 608 1058 Sed
628 1007 666 1072 ig·
706 1022 735 1058 re
746 1007 852 1058 bertum
861 1006 1038 1071 existimabat,
1053 1006 1075 1057 rl
1086 1008 1177 1058 liceret
1188 1008 1237 1060 sibi

133 1091 247 1138 munt
258 1084 319 1135 rnihi
332 1084 399 1132 tenti
416 1083 464 1133 riri
478 1084 571 1131 Moneo
582 1099 588 1131 :
604 1097 666 1134 uem
708 1083 806 1133 versari
817 1098 875 1133 cunr
885 1072 967 1145 booli,
977 1083 1069 1148 quibus
1079 1085 1191 1147 plorent,
1200 1099 1240 1136 te·

131 1162 237 1228 ri‚quae
254 1158 356 1221 scribit,
375 1173 437 1208 rere
449 1159 510 1220 sint,
532 1166 586 1207 turo
606 1169 667 1208 vero
705 1174 805 1224 eurum,
816 1160 878 1225 quid
890 1160 1082 1224 volperenlicse
1100 1159 1133 1210 de
1154 1176 1182 1212 re
1202 1161 1239 1213 le·

132 1237 300 1304 ‘anselmus
311 1235 363 1284 erit
374 1248 448 1283 error
460 1236 485 1283 in
498 1241 589 1284 metro.
614 1234 668 1285 Ne·
707 1235 786 1285 cient.
819 1235 900 1299 Pyth.
917 1232 971 1285 Od.
991 1248 1021 1285 11.
1040 1243 1109 1286 extr.
1126 1238 1238 1293 Freirrk.

132 1305 302 1381 quepossom
317 1325 369 1359 non
380 1311 479 1373 mirari,
496 1316 549 1360 tem
560 1310 667 1361 doctum
707 1313 840 1362 Assentior
858 1313 960 1362 omnino
983 1313 1078 1372 Proto,
1102 1321 1131 1363 et
1150 1317 1239 1366 neseio

132 1385 357 1461 homiuem-foisse
369 1386 485 1436 hocloco
502 1388 567 1436 odeo
586 1388 668 1450 negli·
708 1389 800 1455 quibus
811 1389 876 1451 eliis,
897 1403 961 1454 quos
980 1388 1068 1438 laudet
1086 1388 1148 1455 (uisi
1170 1389 1239 1444 forte

132 1473 243 1534 gentem
260 1464 475 1524 et‘iucuriosurn.
500 1462 586 1513 Faber.
624 1463 668 1512 Ri·
708 1465 777 1515 iuter
789 1480 835 1515 eos
847 1465 994 1530 Sehoppius
1005 1473 1057 1530 est,
1077 1468 1122 1532 qui
1141 1468 1238 1531 primus

132 1543 232 1611 gellius
243 1540 308 1590 nihil
318 1547 420 1589 mutans
429 1537 458 1587 ri
469 1539 505 1588 ire
514 1539 619 1588 renuero
629 1539 667 1590 in·
708 1540 746 1590 its
773 1541 876 1604 sensit),
900 1542 1053 1604 legentibus,
1086 1543 1271 1594 terrenarum·

132 1623 309 1686 terpretetur,
321 1615 403 1677 ubire,
422 1614 563 1678 facessere,
579 1617 667 1666 velere
705 1618 815 1681 pluerent
824 1632 871 1667 troo
880 1619 995 1679 deridere,
1015 1618 1084 1683 quod
1095 1619 1132 1668 ric
1143 1619 1240 1685 Sciop-

127 1694 229 1762 jubeo:
247 1693 279 1744 ed
290 1692 437 1756 exemplum
450 1692 564 1742 Martini.
577 1692 666 1757 Epigr.
708 1694 767 1758 pius
781 1694 904 1758 exponit:
921 1694 959 1743 'lis
971 1695 1047 1744 modo
1057 1703 1085 1745 et
1096 1695 1134 1744 tni
1145 1696 1241 1747 similer

132 1784 157 1825 r.
168 1771 212 1820 48.
228 1767 259 1817 ‘1
271 1781 350 1828 nune,
367 1773 395 1816 et
405 1765 512 1829 sermm,
524 1768 602 1816 turbu
614 1781 667 1816 mu·
707 1769 755 1819 viri
769 1770 841 1820 docti
859 1784 928 1819 meos
947 1768 1048 1820 fabulas
1062 1772 1188 1821 loudetin:
1207 1773 1240 1823 ult

132 1846 297 1909 lertnnegrss
328 1843 363 1892 Et
374 1843 464 1906 Epigr.
474 1855 505 1892 11.
514 1843 669 1907 ⁶.‘1nune,
708 1845 893 1896 illiteratorum
912 1860 994 1896 ceree
1013 1847 1101 1910 plaudi
1121 1848 1182 1898 milri
1203 1850 1240 1899 nli

132 1921 216 1972 edere
227 1934 268 1969 me
286 1918 350 1982 jube
369 1919 471 1968 libellos
481 1919 498 1966 ι’
516 1919 584 1984 quod
606 1920 669 1970 milri
709 1934 805 1972 moror.
838 1922 933 1971 Posset
951 1928 1037 1971 tomen
1058 1924 1111 1988 legi
1132 1940 1173 1973 nec
1193 1939 1241 1991 pro

133 1995 403 2048 mensurnorum
425 1992 509 2044 i'orrne
528 1996 598 2054 dicl;
616 2009 668 2045 nou
707 1997 880 2047 monuero.
914 1996 946 2046 Id
965 1999 1035 2063 quod
1056 2009 1084 2049 et
1106 2001 1242 2051 Freinshe-

133 2073 207 2126 ulm
214 2072 326 2138 jubetur
337 2072 379 2120 hio
390 2071 472 2132 ubire,
483 2078 528 2120 eut
538 2071 668 2121 facessere
708 2073 761 2123 mio
773 2073 865 2122 arrisit.
882 2072 964 2131 Soles.
997 2073 1119 2123 Heinsio·
1137 2089 1241 2140 quoque

134 2146 336 2216 quieqummsed
349 2146 484 2210 permissio
493 2153 544 2208 est,
554 2147 609 2195 eliis
619 2147 667 2197 eti·
706 2147 846 2198 sententiae
858 2147 982 2210 Seiroppii
996 2155 1024 2196 et
1035 2149 1112 2198 l'rbri
1130 2150 1242 2200 subscri·

134 2223 278 2276 emrerbis
292 2222 420 2286 explicari
437 2222 529 2271 solitu:
547 2230 576 2272 ut
594 2223 668 2275 Curi.
709 2222 757 2274 bit.
799 2222 852 2272 Sed
880 2221 934 2285 legi
955 2224 1061 2272 mullet:
1087 2224 1242 2277 Iniiterrlurr
1277 2260 1284 2275 .

133 2314 164 2351 v.
177 2304 218 2350 tt.
234 2303 259 2349 9.
275 2299 387 2349 ‘Eludet
398 2298 477 2349 ticet!
510 2300 668 2350 Liv.vr.tl.
707 2301 815 2363 plostrum
833 2313 875 2347 ner
890 2297 1027 2347 meren.
1061 2297 1141 2348 Certe
1160 2300 1197 2361 ire
1214 2300 1242 2351 in

133 2379 179 2427 10.
196 2373 330 2425 ‘Rlodmt
345 2388 414 2424 nunc
433 2375 496 2424 lieet
515 2376 668 2438 religiones?
707 2377 816 2440 plostrum
826 2374 1008 2424 minimeetere
1017 2380 1114 2438 potest,
1129 2389 1188 2424 nem
1200 2381 1244 2429 ert
1267 2420 1271 2425 .

131 2454 195 2506 cir.
207 2452 344 2503 Peredoxo
360 2467 381 2502 1.
398 2453 591 2504 ‘Quamobrem
606 2454 670 2506 lieet
709 2452 779 2502 idem
790 2450 859 2517 quod
877 2449 1017 2514 plundere3
1035 2456 1065 2499 ut
1081 2449 1143 2500 ‘Ire
1160 2452 1188 2500 io
1204 2452 1243 2501 le·

132 2527 258 2590 irrident,
279 2529 301 2576 si
319 2527 375 2591 quis
392 2528 473 2577 velit!
507 2530 670 2593 Bnclrneros‚
709 2527 829 2590 erymus,'
854 2525 1012 2589 Lucrymori,
1036 2532 1064 2575 et
1084 2526 1177 2576 similis
1197 2525 1244 2581 tos
1293 2524 1296 2531 '

131 2612 256 2671 quartum
268 2603 360 2667 pedem
372 2605 398 2650 in
411 2605 515 2664 vulgata
527 2603 668 2653 trochaeum
709 2602 778 2654 κόνις.
820 2604 855 2651 Et
876 2603 925 2651 hoc
948 2603 1031 2665 ipsum
1055 2604 1242 2666 exemplum·
1346 2617 1350 2623 ⁴

132 2695 194 2732 esse
205 2681 299 2730 merito
317 2691 439 2742 urguens,
458 2677 508 2738 legi
523 2676 618 2741 jubet:
637 2681 668 2728 Ιιι
709 2677 796 2726 Godio
806 2676 923 2738 allatum,
940 2674 1123 2738 ‘Consurgere
1132 2678 1159 2726 iu
1171 2677 1242 2742 plen·

132 2760 263 2809 &ermon
272 2757 378 2820 plostrum
389 2755 424 2802 ire
441 2771 454 2802 o
469 2756 583 2804 derideto.
616 2756 668 2804 Vel
707 2755 769 2819 rus,’
786 2755 872 2804 docet.
905 2753 966 2802 ‘Ire
978 2753 1005 2803 in
1014 2754 1110 2803 secule’
1122 2755 1195 2819 longe
1204 2754 1244 2805 dl·

133 2833 283 2885 exaestues.
326 2833 369 2882 lte
390 2833 491 2880 Seneca
516 2833 564 2895 Ep.
582 2845 667 2883 ιω.
710 2847 782 2883 versu
810 2831 909 2881 retione
943 2829 1049 2879 dicitnr.
1092 2831 1125 2878 V.
1149 2832 1242 2881 Bertlr.

134 2910 295 2973 ‘Exlmpero
313 2905 400 2969 Argis,
420 2921 501 2969 regua
520 2907 582 2956 milri
593 2909 670 2972 liquit
710 2907 816 2957 Adur.
834 2911 874 2956 12.
900 2919 950 2955 uec
971 2905 1071 2969 reliquo
1087 2909 1208 2971 exemplo
1227 2924 1242 2959 r

133 2982 256 3049 Pelops!
288 2983 333 3032 Sic
345 2982 415 3045 opud
427 2981 515 3032 Pluut.
527 2981 601 3031 Asin.
614 2996 634 3030 1.
646 2986 669 3031 ³.
710 2982 797 3034 Gndio
810 2983 889 3033 allate
900 2981 1038 3045 quadrent.

133 3067 248 3114 extrem.
279 3057 496 3108 ‘Exobseoroirn'
538 3059 670 3108 Ceterum
743 3057 796 3122 Ire]
808 3057 898 3121 Abire,
910 3056 1050 3120 lacessere,
1062 3057 1242 3122 rolerejubeo.

132 3144 195 3193 itte
204 3139 334 3205 posterior
353 3139 505 3202 conjecture
519 3138 580 3186 mihi
601 3137 671 3187 vide·
711 3136 828 3186 Mentiri.
837 3136 887 3199 Ep.
899 3134 943 3183 lib.
954 3148 975 3183 r.
986 3137 1028 3182 4³.
1039 3134 1084 3181 lib.
1097 3146 1127 3181 rt.
1140 3138 1165 3181 6.
1181 3133 1242 3183 Plo·

133 3225 183 3269 tur
203 3214 343 3265 rudecior:
363 3216 431 3276 prior
451 3214 554 3262 aliunde
572 3214 670 3262 arridet
713 3227 746 3261 ne
773 3210 918 3277 hujusmodi
946 3209 1122 3275 exemplorum
1147 3211 1242 3262 omnio.

133 3302 239 3360 purum.
284 3290 416 3353 Schoppio
433 3290 543 3337 menime
562 3289 670 3338 aceede·
711 3289 770 3351 Εἰς.

133 3384 203 3437 rem,
214 3369 309 3421 leviter
317 3375 429 3432 motans,
438 3368 463 3418 iu
473 3367 539 3418 hune
547 3365 671 3417 formam:
