2730 4688
402 828 856 909 SERENISSIMO

299 1090 1030 1279 perparuo·

83 1821 130 1912 Si
147 1848 227 1934 quis
241 1846 308 1914 boc
323 1869 414 1934 opus
430 1849 506 1914 solo
525 1868 570 1914 ex
584 1849 733 1927 nomine,
756 1848 811 1914 vel
827 1855 999 1917 auctorem
1014 1852 1125 1935 operis
1141 1872 1187 1918 ex

82 1970 150 2016 nna
169 1952 312 2017 fortuna
326 1952 523 2031 aestimabit,
547 1951 808 2018 Suarurssrrrn
824 1951 1030 2034 Purucnrs,
1052 1954 1188 2040 putabit

82 2052 227 2149 fortuma
241 2074 297 2119 me
309 2056 364 2121 vel
378 2054 557 2140 sapientiae
570 2062 640 2119 tuae
656 2074 724 2120 non
737 2056 942 2134 meminisse,
966 2056 1024 2121 vel
1045 2056 1187 2139 dignita·

83 2156 140 2255 tis,
163 2158 224 2240 qni
238 2157 391 2225 Fabulae
404 2156 543 2224 offeram
552 2156 644 2237 Tibi,
666 2165 702 2222 et
714 2158 817 2224 velim
831 2158 882 2223 Te
898 2160 933 2222 in
957 2178 1091 2223 summa
1112 2157 1188 2223 alti·

82 2258 202 2323 tudine
216 2258 335 2341 gloriae
351 2259 556 2325 collocatum
580 2280 660 2324 oum
678 2260 800 2326 liberto
819 2261 976 2326 fabulari.
1023 2260 1061 2325 Si
1075 2267 1188 2324 tamen

84 2358 138 2424 vel
152 2359 197 2422 de
211 2358 267 2424 bis
283 2360 445 2439 Fabellis,
455 2360 513 2426 vel
528 2360 571 2425 de
586 2360 757 2446 Scriptore
773 2360 991 2426 Fabellarnm
1001 2359 1188 2444 judicabis,

83 2477 153 2525 non
168 2479 215 2525 ex
230 2461 358 2527 illorum
373 2482 487 2538 sensu,
514 2482 632 2541 parum
653 2480 735 2528 sano
758 2467 793 2524 et
811 2464 949 2542 integro,
972 2461 1034 2524 sed
1059 2478 1104 2526 ex
1129 2460 1188 2527 illo
1205 2532 1210 2541 ,

83 2567 185 2645 gustu
212 2560 422 2637 acutissimo,
445 2559 503 2643 qni
525 2557 605 2621 Tibi
631 2564 686 2621 est
709 2558 842 2623 innatus
868 2580 909 2625 ac
932 2562 1111 2644 ingenitus,
1136 2565 1186 2629 sic

85 2682 172 2747 opus
194 2665 308 2748 ipsum
331 2661 508 2744 suscipies,
537 2660 587 2723 sic
611 2668 781 2725 auctorem
804 2663 915 2746 ipsum
936 2665 1186 2748 complecteris,

84 2774 123 2829 nt
137 2771 237 2851 putes
253 2783 315 2829 nec
331 2762 446 2846 operis
463 2762 661 2827 tenuitatem
674 2768 743 2827 tuae
760 2766 951 2847 sapientiae,
963 2787 1026 2831 nec
1041 2767 1187 2832 auctoris

84 2867 304 2933 humilitatem
321 2865 479 2947 dignitati
493 2870 562 2930 tuae
579 2886 682 2950 posse
699 2867 881 2951 quicquam
897 2866 1042 2932 officere.

129 2972 211 3035 Non
228 2969 398 3034 dubitabis
420 2969 581 3053 profecto,
605 2969 867 3034 Sauuurssrun
885 2970 1089 3048 Parucees,
1110 2988 1187 3033 cum

84 3093 126 3137 eo
139 3074 264 3137 liberto
279 3071 500 3150 confabulari,
517 3073 572 3137 cni
589 3071 632 3135 ad
647 3054 838 3154 Augustum
856 3073 1097 3157 Imperatorem
1114 3075 1189 3136 erat

86 3174 197 3240 aditus
212 3175 397 3258 perfacilis
422 3176 543 3259 cuique
566 3195 630 3238 sua
645 3175 763 3252 virtus,
785 3194 855 3238 non
869 3176 1059 3239 libertatem
1073 3172 1187 3251 modo,

83 3277 141 3340 sed
157 3296 255 3359 opes,
266 3275 421 3355 honores,
435 3284 472 3340 et
487 3295 692 3340 summorum
702 3277 896 3359 Principum
912 3276 1090 3339 amicitiam
1106 3294 1187 3339 con-

85 3378 236 3460 ciliavit3
260 3380 402 3462 quinon
414 3379 525 3443 minus
539 3379 657 3443 habuit
671 3378 807 3442 fiduciae
821 3384 861 3442 ut
875 3396 980 3442 mores
998 3377 1187 3443 dissolutos

85 3487 236 3565 carperet
252 3478 475 3564 Optimatnm,
499 3501 602 3566 qnam
622 3483 715 3562 artis,
739 3501 781 3546 ne
806 3481 1014 3545 exulceraret
1035 3482 1187 3561 animos3

85 3584 207 3667 quiite
221 3584 285 3647 fuit
299 3586 574 3649 accommodatus
598 3584 642 3649 ad
669 3584 888 3649 erudiendam
901 3583 1037 3668 plebem
1052 3588 1189 3668 propter

87 3684 280 3769 simplicem
304 3692 338 3752 et
361 3691 460 3770 qnasi
491 3688 617 3752 nudam
642 3685 879 3772 Apologornm
911 3690 1129 3762 venustatem,
1151 3690 1189 3749 ut

87 3786 304 3871 dignissimus
328 3789 431 3854 suerit
456 3791 695 3875 Imperatorum
722 3790 872 3854 amicitia
895 3795 928 3853 et
953 3787 1188 3853 consuetudine

89 3897 225 3973 propter
247 3891 419 3956 excelsam
441 3892 606 3977 quandam
632 3898 668 3956 et
689 3891 890 3976 politiorem,
914 3895 984 3954 tum
1003 3889 1095 3967 vitae,
1119 3893 1188 3952 turn

89 3994 330 4057 sententiarum
345 3994 553 4077 elegantiam.
1198 3990 1201 3997 ’

153 4107 242 4173 Delpt.
253 4113 278 4160 et
291 4109 351 4163 Ver.
361 4111 426 4162 cto.
615 4111 715 4163 Phor.
1097 4106 1122 4157 A
