2714 4696
212 319 216 328 -
286 361 289 366 Ι
369 291 564 342 ascensus
590 291 805 343 nntriouuu
831 294 998 346 nunnus.
1171 283 1237 347 709

177 450 253 514 1598
276 443 404 515 Phaedri,
419 449 496 524 Aug.
510 444 576 505 Lib.
592 445 766 506 Fabularum
782 446 967 524 AEsopiarnm
984 444 1063 504 Libri
1081 460 1113 503 ν.
1139 446 1240 524 Nuper

132 540 200 599 aP.
225 540 340 605 Pithoeo
361 542 398 600 V.
423 542 458 601 C.
481 541 608 619 primum
630 542 712 614 editi,
736 552 767 602 et
788 543 853 621 jem
878 541 1028 604 emendati
1050 552 1140 620 atque
1163 543 1242 604 illus·

134 637 204 695 trati
219 655 237 695 a
251 637 389 698 Conrado
400 630 606 710 Rittersliusio,
621 641 650 700 J.
673 641 710 701 C.
733 639 902 701 Professore
912 641 1035 701 Norico.
1077 643 1240 702 Accessere

134 733 163 791 in
178 733 298 794 easdem
313 733 429 794 fabulas
439 734 630 815 Spicilegium
641 736 735 816 casp.
750 737 893 817 Scioppii,
905 737 1020 808 Franci,
1033 746 1063 795 et
1076 736 1133 796 alia
1147 756 1240 815 quem

81 846 84 863 ¹
131 829 268 905 plurima.
289 830 427 909 Lugduni
441 831 543 898 Batus.
558 853 594 892 ex
609 831 727 893 officina
753 834 938 898 Plautiniana
961 833 1145 912 Rapheleng.
1168 842 1241 895 8.-

132 925 246 986 Praeter
257 938 416 988 memorata
429 929 458 988 in
474 929 561 991 titulo
575 931 672 991 insunt
685 931 754 990 buic
765 931 855 992 libro:
880 930 963 990 Caelii
978 931 1126 1010 Symposii
1140 930 1239 1009 AEnig·

131 1032 211 1082 mata
236 1043 304 1083 cnm
338 1024 457 1084 scholiis
480 1027 544 1087 Jos.
568 1026 760 1097 Castalionis3
784 1026 1030 1105 ignatiiDiaconi
1051 1026 1241 1087 Tetrasticha

96 1118 100 1128 '
131 1121 241 1180 Graecn
255 1121 283 1180 in
300 1121 426 1181 Fabulae
441 1124 605 1202 AEsopicas,
620 1142 687 1202 quse
701 1122 789 1200 vulgo
816 1122 948 1193 Gabriae,
963 1143 1015 1182 seu
1035 1122 1152 1182 Babriae
1176 1123 1239 1182 eui·

130 1215 199 1276 darn
213 1217 423 1287 attribuuntur,
436 1240 504 1279 oum
520 1240 595 1280 nova
611 1220 741 1280 versione
754 1219 878 1287 Latina;
901 1218 1022 1279 Hesiodi
1037 1218 1115 1280 ulans
1129 1219 1167 1280 de
1180 1223 1242 1280 Ac·

130 1310 235 1393 pipitr'e
260 1326 289 1375 et
305 1316 454 1388 Luscinia,
479 1327 508 1377 et
522 1318 619 1394 ignoti
644 1317 831 1397 Epigramma
855 1316 885 1374 in
908 1318 1017 1377 Bovem
1041 1325 1072 1375 et
1095 1316 1240 1386 Hircum3

131 1410 259 1488 Apologi
275 1413 439 1485 Horatiani,
451 1425 482 1474 et
496 1416 662 1493 AEnigmats
676 1424 807 1474 aeterum
831 1420 984 1491 poetarum
1011 1412 1184 1471 Graecorum
1208 1422 1240 1474 et

130 1507 314 1569 latinorum.
360 1510 503 1589 Operam,
528 1509 762 1571 aRittershusio
777 1509 807 1568 iu
832 1508 957 1568 Phaedro
977 1504 1151 1586 praestitam,
1175 1508 1239 1568 lau·

130 1603 194 1674 dat,
209 1616 240 1665 et
254 1604 271 1665 a
287 1609 414 1686 Rigaltio
429 1616 608 1667 contemtum
625 1623 702 1682 aegse
717 1605 771 1665 lert
791 1615 881 1683 atque
905 1604 1075 1684 indignatur
1100 1605 1240 1666 doctissi-

130 1722 196 1761 mus
210 1714 240 1762 et
254 1704 292 1762 de
307 1705 433 1765 Plrredro
448 1704 594 1780 sigillatim
610 1703 752 1782 preclare
766 1703 887 1763 meritus
902 1703 979 1763 Petr.
1001 1704 1188 1762 Burmannus
1201 1701 1239 1762 ad

101 1803 103 1807 ’
130 1799 300 1859 Petronium
317 1821 386 1879 pag.
410 1811 480 1862 519.

173 1905 250 1968 1599
272 1898 418 1975 Rigaltina
446 1914 468 1955 t.
500 1896 617 1956 Pbaedri
640 1899 718 1975 Aug.
753 1897 817 1956 Lib.
850 1897 1028 1956 Fabularum
1052 1896 1238 1974 AEsopiarum

130 1991 213 2052 Libri
229 2009 260 2053 v.
282 2015 318 2054 ex
336 1996 506 2055 recensione
522 1995 589 2054 Nic.
613 1994 743 2072 Rigaltii.
770 1995 899 2054 Parisiis.
926 1994 1050 2055 lte-ln
1072 1994 1167 2071 prima
1181 1994 1238 2055 hac

129 2087 273 2159 editione,
289 2102 410 2150 notante
426 2091 621 2160 Deshillonio,
637 2091 780 2168 Rigaltius
791 2092 886 2150 noluit
898 2090 1037 2151 recedere
1047 2110 1063 2149 a
1073 2091 1238 2159 Pithoeana,

128 2185 184 2243 nisi
200 2195 232 2244 ut
248 2185 353 2245 Pithoei
375 2185 529 2256 codicem,
545 2207 632 2263 quem
645 2187 792 2246 utendum
808 2187 922 2259 habuit,
938 2186 1055 2246 fidelius
1069 2186 1100 2244 in
1124 2186 1240 2264 aliquot

129 2282 207 2342 locis
232 2283 426 2359 exprimeret:
449 2282 712 2344 commentationes
736 2282 861 2352 addidit,
886 2300 1096 2360 nonnunquam
1117 2280 1238 2360 quidem

130 2379 177 2438 vel
192 2380 319 2458 ineptas,
343 2382 388 2438 vel
404 2378 532 2449 inutiles,
556 2390 586 2439 at
612 2379 799 2456 conjectures
824 2379 1014 2439 intermiscuit
1039 2377 1183 2456 quasdam
1206 2387 1240 2440 et

129 2475 301 2555 plausibiles
316 2486 347 2535 et
361 2475 480 2535 felices:
504 2486 594 2554 atque
609 2494 667 2534 non
682 2475 774 2534 modo
788 2476 882 2535 varias
899 2475 1007 2535 vetusti
1031 2474 1150 2534 Codicis
1176 2476 1238 2535 lec·

129 2573 235 2642 tiones,
262 2591 336 2649 quas
361 2571 494 2630 Pithoeus
508 2571 747 2649 pretermiserat,
770 2573 815 2630 vel
838 2570 1080 2630 commemoravit
1098 2571 1237 2642 innotis,

129 2668 176 2728 vei
189 2668 293 2727 Indice
307 2669 344 2726 ad
363 2667 475 2726 calcem
491 2668 604 2744 rejecto
616 2667 762 2740 exhibuit,
779 2666 831 2726 sed
848 2667 936 2726 etiam
950 2667 984 2725 P.
1002 2667 1131 2727 Danielis
1146 2668 1237 2728 Cher·

128 2765 220 2824 tulum
236 2785 305 2825 cum
320 2763 445 2841 vulgatis
459 2763 541 2823 Libri
556 2763 644 2840 primi
658 2761 766 2823 fabulis
791 2764 890 2824 multis
910 2765 1048 2825 contulit.
1090 2765 1186 2825 Usum
1207 2765 1238 2826 in

130 2862 188 2921 hac
212 2860 341 2920 editione
365 2859 524 2939 Rigaltium
547 2858 636 2919 fuisse
659 2859 772 2921 Codice
794 2862 940 2934 Remensi,
962 2864 1093 2923 noudum
1109 2871 1238 2942 reperto,

127 2960 176 3020 Jo.
199 2957 269 3016 Alb.
291 2956 454 3028 Fabricius,
478 2957 619 3018 Biblioth.
641 2958 706 3018 Lat.
728 2958 817 3018 Tom.
840 2973 880 3018 it.
901 2979 970 3038 pag.
993 2969 1042 3030 27.
1065 2960 1163 3021 dicere
1178 2980 1238 3021 non

128 3053 252 3114 debuit:
275 3053 369 3113 virum
398 3055 549 3130 ceteroqui
581 3053 750 3132 diligentem
785 3074 884 3115 errore
921 3054 1076 3133 impedivit
1111 3056 1237 3134 epistola

129 3150 262 3229 Rigaltii,
276 3170 365 3229 quam
380 3151 428 3210 ille
441 3170 477 3209 ex
493 3152 548 3209 hac
564 3149 660 3228 prima
672 3149 801 3211 editione
813 3151 992 3222 desumtsm,
1007 3151 1111 3229 paucis
1120 3159 1236 3212 tantum

128 3247 168 3308 de'
182 3246 297 3308 Codice
312 3247 450 3308 Remensi
466 3246 563 3308 verbis
576 3245 700 3320 additis,
715 3247 835 3308 editioni
850 3268 911 3309 suae
935 3249 1072 3309 secundae
1097 3247 1236 3327 praefixit,

126 3354 158 3403 et
183 3343 393 3423 subscriptam,
422 3354 455 3404 ut
481 3353 579 3415 antea,
612 3344 670 3404 ‘sd
697 3362 732 3405 x.
754 3344 822 3405 Kal.
845 3348 930 3425 Sept.
954 3349 1054 3417 1499!
1074 3346 1238 3406 oscitanter

127 3440 259 3519 reliquit,
275 3460 344 3501 cum
359 3459 469 3502 annum
487 3439 575 3512 1617.
597 3442 691 3503 notari
704 3443 892 3521 oportuisset.

167 3536 326 3597 -l'baedri
340 3536 516 3598 Fabularum
539 3539 686 3618 AEsopiar.
710 3539 789 3601 Libri
813 3557 845 3601 v.
865 3560 901 3601 ex
926 3539 1095 3601 recensione
1116 3549 1149 3600 et
1166 3557 1236 3600 cntn

127 3633 207 3695 notis
219 3633 289 3694 Nic.
311 3634 441 3714 Rigaltii.
464 3636 604 3697 Lubecae.
631 3637 932 3716 1a.-ttepeuitoeo.
946 3636 1161 3698 antecedent'n.

166 3729 288 3794 -1603
303 3732 444 3812 Apologi,
460 3752 511 3793 seu
526 3732 644 3793 labellis
661 3734 819 3815 AEsopioae,
836 3734 945 3795 Lettino
959 3732 1088 3794 carmine
1111 3731 1236 3794 reddite

126 3826 292 3890 aPhtedro.
315 3830 467 3901 Hanovise,
494 3830 572 3909 typis
599 3831 809 3905 wechelianis,
831 3851 881 3912 ep.
902 3831 1062 3893 Claudium
1086 3830 1235 3892 Maeniu-

126 3925 292 3986 etheredus
311 3928 362 3987 Jo.
385 3926 501 3989 Aubrii.
528 3928 846 3990 12-1miteturedit.
868 3945 894 3991 1.
916 3928 1103 4009 Rigsitinam,
1127 3927 1236 4008 additis

125 4022 300 4100 Aphthonit,
316 4013 421 4086 uvam
435 4035 467 4087 et
477 4005 610 4098 danus,
626 4044 679 4091 nu
695 4026 823 4098 nmis,
839 4026 929 4105 vulgo
944 4026 987 4086 m
998 4024 1083 4100 neu,
1096 4025 1213 4087 nuum

169 4118 249 4180 1610
269 4120 387 4181 Phaedri
401 4124 481 4201 hug.
503 4122 568 4184 Lib.
590 4123 769 4184 Fabulsrum
784 4124 929 4203 AEsopiar.
953 4123 1033 4184 libri
1049 4139 1081 4183 v.
1102 4124 1233 4184 Josnaea

124 4214 274 4277 Meursius
300 4228 368 4297 post
392 4218 550 4293 Pithoeum,
575 4221 810 4299 Rittershusium,
846 4222 1033 4303 Scioppium,
1057 4218 1229 4299 Rigaitimn,
