2730 4688
500 214 746 313 mmmm
1123 244 1233 345 ³5¹

63 402 212 484 sachun
233 407 273 467 ut
288 401 339 467 sio
351 406 477 466 mature
490 401 626 468 virtutis
642 407 677 470 et
693 401 871 490 probitatis
884 392 1065 487 prae'ceptis
1079 409 1169 479 tene-

64 524 137 571 ram
151 508 298 570 mentem
312 501 504 571 imbuerem.

124 703 317 789 christoph.
332 702 496 769 Celledus
509 702 545 767 iu
557 701 657 768 Curis
671 700 907 786 posterioribus
922 700 964 767 de
979 701 1107 767 Barba-

521 803 647 882 rumis,
659 806 724 867 &m
1033 874 1037 883 ‚

110 920 291 1008 Phaedrus,
301 926 450 1010 Augusti
466 927 629 1007 Libertus,
644 925 783 993 Tiberio
796 946 900 1012 remp.
912 926 1168 1009 administrante,

69 1033 183 1118 Sejaui
198 1032 293 1108 odio,
306 1030 440 1095 fortuna
454 1030 598 1095 adversa
613 1029 835 1109 conflictatus,
849 1030 983 1114 scripsit
1007 1028 1170 1114 podflssi·

37 1168 46 1178 ·
67 1154 142 1201 mss
154 1133 392 1198 Fabuiastum
404 1131 520 1196 ultioni
530 1130 593 1209 sui,
604 1136 676 1195 tum
686 1131 787 1196 etiam
798 1130 929 1210 solatio,
940 1130 1039 1213 quod
1044 1135 1170 1196 utrum-

69 1256 134 1322 que
149 1255 194 1300 ex
207 1233 377 1319 prooemio
393 1230 468 1298 Lib.
485 1243 540 1296 ιιι.
554 1237 705 1318 apparet.
749 1231 903 1317 Scioppii
923 1231 1097 1315 judicium,
1111 1235 1170 1317 qni

69 1335 190 1402 lutam.
203 1356 283 1420 pag.
297 1334 350 1401 69.
376 1335 410 1399 iu
433 1333 580 1400 Phaedro
603 1336 719 1400 nescio
733 1333 815 1419 quid
837 1331 972 1398 barbari
987 1333 1171 1399 subodora-
1294 1368 1309 1397 0

68 1442 137 1515 tur,
149 1456 216 1502 nou
227 1435 335 1520 magis
349 1455 386 1500 se
400 1435 508 1500 doctis
525 1434 692 1520 probarit,
706 1452 807 1518 quam
821 1432 924 1512 illius,
940 1433 999 1518 qui
1017 1432 1051 1497 iu
1072 1432 1172 1499 Livio
1296 1451 1301 1461 ·

71 1537 288 1623 deprehendit
308 1536 585 1603 Patariuitntem.
630 1535 823 1619 Principem
841 1552 920 1617 ergo
935 1534 1045 1599 locum
1059 1534 1093 1599 iu
1107 1532 1172 1601 hoe

69 1639 200 1706 seculo
213 1643 248 1704 et
260 1639 450 1725 proximum
471 1634 588 1702 Po'etis
603 1633 794 1721 Augusteis,
806 1655 876 1701 non
894 1640 1025 1702 tautum·
1042 1643 1171 1722 tempo·

69 1740 117 1806 ris
129 1741 272 1821 ratione,
285 1760 354 1824 quo
367 1740 465 1818 vixit,
483 1738 544 1804 sed
559 1739 658 1804 etiam
672 1737 752 1822 styli
766 1743 881 1804 ornatu
884 1785 895 1818 ,
915 1757 1017 1822 quem
1031 1737 1173 1805 Fabulis

69 1843 248 1926 expressit,
258 1840 333 1926 jure
345 1841 414 1925 ipsi
427 1841 613 1925 meritoque
625 1839 843 1923 assignamus.

200 2021 260 2089 ιο.
274 2021 432 2088 museus
447 1976 674 2087 sansonem
688 2019 900 2087 erumnose
913 2021 1043 2118 nausa„

114 2156 280 2222 Phffidm
293 2154 421 2234 Timr
441 2154 585 2238 Augusti
607 2153 821 2240 Imperatoris
846 2152 1011 2232 Libertus,
1031 2154 1094 2218 sub
1113 2152 1173 2218 Ti.
1291 2134 1295 2141 ’

69 2258 165 2325 berio
189 2257 396 2342 Imperatore
419 2256 572 2334 ¹versibus
595 2255 737 2321 senariis
764 2252 978 2321 suavissimis
1002 2255 1178 2337 expressit

67 2358 178 2428 libros
191 2357 337 2444 quiuque
353 2356 557 2424 Fabulamm
570 2357 795 2440 AEsopisrum.

135 2553 263 2621 Paulus
276 2553 484 2622 Coiomesius
499 2556 534 2619 in
547 2551 902 2620 Animadversiouibus
916 2549 959 2616 ad
973 2548 1115 2634 Gyraidi

372 2657 464 2721 Dial.
480 2673 546 2722 vn.
560 2655 603 2720 de
619 2653 740 2738 poetis,
756 2675 791 2738 p.
804 2653 878 2718 402.

73 2756 338 2924 dn'ssersissimus
360 2756 417 2821 ille
442 2754 647 2820 Fabularum
668 2755 886 2840 AEsopiarum
908 2754 1055 2821 imitator
1075 2752 1175 2820 Pha·

284 3041 451 3107 Phaedrus
466 3042 540 3123 ipse
555 3040 596 3104 de
610 3059 646 3104 se
659 3039 718 3106 lib.
734 3055 769 3102 v.
781 3038 852 3103 fab.
866 3037 898 3103 6.
913 3037 968 3106 42.

162 3211 251 3225 --
266 3176 391 3242 chartis
405 3195 523 3241 nomen
535 3175 701 3239 victurum
715 3175 810 3252 meis,

163 3278 294 3344 latinis
309 3277 389 3341 dum
400 3276 551 3341 manebit
561 3278 704 3359 pretium
719 3276 833 3340 literis.

149 3473 337 3552 Panionio,
352 3474 490 3559 aliique,
506 3474 549 3540 de
577 3476 700 3559 quibus
715 3473 880 3542 Phaedrus
894 3473 984 3542 Prol.
1007 3472 1065 3540 lib.
1079 3489 1112 3543 v·

118 3601 263 3668 Vestras
275 3601 310 3666 iu
324 3603 459 3668 chartas
474 3603 576 3667 verba
589 3602 776 3668 transfertis
789 3621 875 3667 mee.

317 3800 484 3867 Martialis
499 3817 555 3867 ιιι.
576 3802 677 3887 Epig.
691 3803 746 3868 20.
768 3801 810 3867 de
823 3800 942 3869 Gauio.
1004 3811 1007 3814 ’

122 3933 178 4002 Au
191 3934 368 4001 aemulatur
381 3933 524 4018 improbi
533 3932 635 4020 jocos
650 3933 808 4001 Phaedrii
