2714 4696
191 320 259 388 ⁷5⁰
433 298 637 387 rrxotrrrsus¹
657 330 872 384 surrrorruu
897 289 1063 387 ruitum.
1097 284 1103 295 ’

245 878 429 941 NoTthAE
449 874 677 939 Ltt‘EltA'ltIAE
695 874 752 935 ET
772 874 972 937 sucsnsor
993 876 1242 939 Enl'noh'tttt

474 1023 684 1078 utrosrrso
701 1021 1010 1075 snumsusmuu.

234 1382 353 1451 Vsum·
368 1386 443 1471 jem
457 1384 580 1451 Lector
604 1383 687 1470 quid
710 1384 773 1449 viri
794 1382 889 1448 docti
912 1378 1059 1446 dixerint
1079 1379 1125 1446 de
1146 1378 1294 1447 Phoedro

194 1486 286 1572 ipso,
299 1494 333 1553 et
348 1488 391 1553 de
405 1487 546 1566 subulis,
562 1492 632 1553 tum
646 1487 690 1552 ah
703 1506 746 1552 eo
765 1504 883 1552 revers
908 1481 1122 1567 compositis,
1142 1502 1248 1567 quam
1268 1485 1295 1549 ei

191 1588 281 1655 falso
305 1589 477 1675 ascriptis.
521 1588 620 1655 Vidit
641 1589 744 1655 etiem
757 1586 839 1673 quid
857 1586 899 1651 de
916 1584 1098 1651 codicibus
1114 1584 1209 1651 Mss.
1224 1585 1296 1651 dix·

191 1691 287 1769 erint,
294 1696 330 1754 et
337 1711 437 1775 quum
450 1710 568 1775 porres
576 1689 703 1755 suerint
710 1706 840 1755 messes
849 1706 927 1773 qoae
941 1706 988 1753 ex
994 1686 1219 1754 bibliothecis
1227 1708 1297 1773 per·

191 1792 316 1874 egrinis
327 1794 472 1859 succisso
486 1799 577 1858 sunt.
623 1791 679 1858 Ne
691 1790 744 1857 vel
755 1790 886 1877 spicam
896 1809 940 1854 ex
952 1788 1161 1854 Britannicis
1176 1790 1295 1857 uostris

191 1911 371 1977 possumus
396 1900 577 1977 reportare.
622 1893 665 1958 Iu
683 1889 790 1956 Musei
815 1888 993 1956 Britannici
1019 1890 1293 1970 collectionibus,

190 1993 225 2058 iu
250 1990 471 2058 Orontemttm
494 2000 527 2059 et
554 1992 874 2082 cantabrigiensibus,
901 1996 1019 2061 autin
1047 1994 1128 2060 aliis
1151 1995 1294 2080 puhlicis

192 2094 377 2162 Britanniae
399 2095 625 2177 bibliothecis,
647 2117 691 2163 ne
711 2098 891 2177 relhuuum
909 2096 1060 2163 codicem
1090 2097 1292 2174 invenimus,

190 2216 255 2264 uec
280 2197 323 2262 de
345 2198 417 2265 ullo
438 2197 564 2264 editore
589 2199 703 2284 quiin
725 2198 771 2264 iis
793 2197 931 2265 Phredri
955 2196 1026 2262 Ms.
1051 2197 1180 2264 viderit
1203 2196 1295 2265 sudi·

190 2299 314 2367 rimus.
371 2298 513 2365 Nullum
547 2298 699 2366 codicem
737 2300 892 2365 extitisse
929 2298 1161 2383 Cantabrigiee
1191 2300 1297 2367 facile-

190 2402 306 2493 credet
339 2400 471 2481 Lector,
507 2402 567 2487 qui
608 2400 797 2467 meminerit
831 2399 874 2466 cl.
907 2399 951 2467 Β.
972 2401 1180 2481 Bentleium,
1216 2420 1293 2467 eum

190 2502 340 2568 Terentii
356 2501 565 2582 Gomoedius,
580 2502 719 2570 Phaedri
741 2501 905 2583 Fabulas,
928 2509 964 2568 et
987 2502 1103 2568 Publii
1120 2504 1200 2588 Syri
1216 2502 1300 2568 Seu·

127 2644 132 2653 ·
192 2606 317 2670 tentiss
341 2605 461 2670 eodem
490 2606 660 2671 volumine
689 2613 888 2690 compactas
920 2604 1067 2671 editurus
1092 2611 1179 2685 erat,
1206 2604 1296 2690 apud

193 2704 445 2789 Cantabrigiam
461 2712 696 2772 commoratum
712 2724 798 2785 esse,
814 2710 857 2784 et,
874 2706 1029 2789 quamvis
1044 2706 1219 2771 reriuutes
1232 2707 1296 2772 lec·

192 2807 304 2873 tiones
318 2806 353 2868 iu
367 2806 558 2871 Terentium
574 2814 609 2873 et
618 2806 776 2874 Publium
790 2807 912 2893 Syrum
927 2807 1158 2892 descripserit,
1170 2809 1292 2874 nullam

192 2909 346 2992 inopere
362 2926 426 2972 suo
449 2909 649 2974 mentionem
666 2909 709 2974 de
724 2910 842 2975 codiee
860 2909 930 2975 ullo
943 2907 1080 2974 Phaedri
1098 2910 1151 2974 ibi
1166 2916 1296 2974 serrato

191 3010 324 3076 secisse.
368 3009 457 3075 Etsi
486 3010 521 3074 in
538 3011 609 3076 ulls
629 3010 699 3075 elie
720 3011 855 3095 publica
876 3010 1078 3076 bibliotheca
1101 3000 1296 3076 Britnuhica

191 3113 271 3180 talis
293 3111 406 3177 codex
414 3112 536 3178 summi
552 3113 614 3179 viri
628 3112 720 3177 illius
731 3117 883 3195 tempore
891 3112 1054 3188 latuisset,
1067 3111 1293 3195 proculdubio

192 3216 243 3281 sic
258 3220 443 3298 occupatus
467 3235 542 3280 eum
564 3234 609 3280 ex
624 3214 769 3279 tenebris
792 3219 1040 3298 recuperasset,
1060 3220 1097 3279 et
1116 3235 1181 3299 pro
1207 3233 1294 3280 more

193 3335 255 3381 suo
273 3315 519 3400 descripsisset.

236 3417 339 3498 Haec,
353 3419 464 3502 igitur,
479 3438 552 3483 cum
575 3418 624 3484 its
646 3418 727 3496 sint,
741 3419 832 3503 quod
847 3439 1028 3504 possumus
1041 3418 1200 3487 lecimus.
1244 3421 1294 3487 Ne

192 3520 269 3586 haec
289 3521 344 3585 rel
362 3539 506 3606 sequeus
527 3520 652 3603 pagine
672 3519 718 3584 sit
736 3519 852 3584 tabula
875 3521 1006 3586 omnino
1030 3539 1122 3599 rasa,
1136 3541 1244 3587 uuum
1264 3531 1294 3587 et

194 3623 338 3688 alterum
349 3624 469 3688 librum
482 3622 705 3687 indicabimus
720 3622 916 3706 impressum
928 3624 986 3707 qui
997 3623 1053 3688 vel
1066 3629 1167 3688 notas
1181 3625 1294 3691 breves

158 3796 163 3803 ,
193 3724 249 3790 rel
260 3726 429 3791 variantes
442 3725 606 3790 lectiones
620 3723 707 3788 Mss.
723 3723 906 3790 exhibent:

238 3825 280 3889 In
296 3824 450 3891 Bibliotlr.
467 3823 562 3890 Bodl.
577 3825 669 3911 apud
682 3826 909 3905 oxonienses,
922 3826 1007 3891 inter
1022 3824 1122 3890 codd.
1140 3827 1295 3894 D’Orril·

46 3928 51 3935 '
192 3925 303 3992 limos
320 3945 359 3992 x.
374 3929 408 3993 2.
428 3928 514 3992 inire
527 3929 559 3993 2.
572 3928 604 3994 3.
622 3929 706 3993 liber
728 3928 924 4012 impressos,
947 3929 1121 3992 continens
1140 3936 1243 3996 notas
1266 3934 1297 3995 et

193 4027 306 4094 varias
319 4028 409 4093 lectt
423 4030 459 4093 iu
474 4029 600 4094 Poetae
614 4030 768 4110 Latinos,
789 4049 916 4115 pauses
937 4028 1040 4097 habet
1053 4030 1088 4095 in
1103 4028 1297 4111 Phaedrum,

148 4160 157 4177 ·
195 4129 274 4198 edit.
289 4127 402 4195 Pleut.
417 4127 514 4196 1610.
530 4151 592 4215 pp.
605 4130 639 4197 2.
651 4138 688 4197 et
699 4132 733 4197 3.
