2730 4688
563 250 614 303 DE
637 246 808 307 ΡΜΜΟ.

439 454 540 533 Lana.
556 464 735 551 Pignorius
750 466 850 553 epist
864 466 919 535 13.

173 598 288 669 Etiam
301 619 365 685 ago
378 601 490 667 venire
502 605 633 687 possim
647 606 681 670 in
699 605 869 675 literanum
881 605 1048 689 plausum,
1077 601 1169 669 velot
1183 603 1232 670 lo·

132 704 247 787 qnitnr
258 704 531 788 elegantissimos
543 708 709 775 fabulator
723 709 898 775 Phaedrus.

342 908 499 974 sonorius
512 907 652 976 Observ.
668 910 853 977 Humanas.
867 924 909 973 n.
925 929 955 974 c.
970 907 1024 974 19.
1043 940 1052 967 ι

176 1038 324 1125 Adjicio‚
346 1042 554 1126 pereruditos
566 1046 723 1111 extitisse
735 1047 873 1112 libertos
891 1044 1031 1123 liberii,
1042 1039 1230 1119 Prsarum,
1349 1072 1354 1081 ·

131 1142 350 1229 AEropiarom
363 1145 513 1229 lepidum
528 1149 803 1232 scripturaram.
850 1172 855 1181 ·

423 1347 612 1433 Scioppius
625 1350 661 1413 in
677 1348 846 1415 Paradox.
859 1348 946 1413 liter.

177 1478 339 1544 Similiter
354 1481 446 1564 apud
461 1481 652 1563 Phaedrum,
667 1482 888 1549 cultissimum
901 1478 1083 1546 fabularum
1092 1448 1232 1558 scripto·

131 1598 215 1660 rem,
237 1578 387 1663 legimns.

387 1783 480 1851 Idem
493 1788 526 1853 in
543 1786 687 1855 Infamia
698 1788 864 1866 Famiani,
885 1807 920 1872 p.
934 1782 988 1873 865

171 1919 261 1986 Eum
273 1925 390 1987 tamen
399 1920 816 2010 scriptoremffhmdrum)
826 1923 918 1989 velut
929 1918 1030 1985 domo
1044 1915 1232 1990 barbarum,

128 2027 335 2102 etsermone
349 2042 418 2087 non
432 2042 550 2106 parum
570 2044 663 2115 saepe
676 2026 855 2110 plebeium,
877 2043 944 2089 non
967 2020 1035 2087 nisi
1061 2037 1140 2084 cnm
1162 2014 1230 2079 dis·

129 2121 267 2188 crimine
280 2143 323 2190 ac
338 2122 473 2191 delectu
488 2124 684 2219 imitandum
697 2126 857 2211 intelligo.

444 2292 539 2359 Idem
555 2294 590 2359 in
605 2292 857 2362 Consultatione
873 2309 914 2358 11.

173 2440 356 2507 Plraedrnm
374 2448 484 2508 tamen
495 2450 531 2509 st
545 2443 721 2528 Hyginum
740 2445 829 2509 velm
843 2440 1016 2524 elegantias
1031 2438 1140 2502 minus
1151 2390 1232 2501 'stn-

128 2542 251 2609 (liosos
265 2541 395 2627 plebeia
410 2543 600 2625 plusculum
615 2564 798 2628 usurpasse
811 2550 963 2627 apparot.

466 2737 660 2807 Damstems
675 2741 719 2806 ad
734 2740 908 2806 Rosinnm.

171 2876 336 2942 Phaedrus
357 2877 484 2956 llrrax,
505 2877 632 2943 'liberii
660 2879 812 2955 libertos,
835 2876 1019 2942 fabularum
1043 2875 1231 2939 luculentus

130 2978 287 3062 scriptor.
1188 3028 1190 3033 .

256 3159 479 3243 Tanaquillus
496 3158 608 3226 Faber
620 3162 655 3226 in
671 3161 772 3229 Prasf.
788 3161 833 3227 ad
848 3161 963 3229 Notas
977 3160 1113 3226 Phaedr.

175 3292 231 3356 De
246 3293 376 3356 dicendi
391 3315 509 3377 genere
524 3297 553 3360 si
567 3315 664 3379 roges
686 3297 766 3380 quid
778 3297 928 3371 sentiam,
941 3295 1052 3357 dicam
1065 3290 1232 3373 equidem,

129 3399 163 3458 et
177 3392 276 3477 qnasi
291 3413 344 3456 me
358 3414 476 3461 censor
487 3404 632 3481 rogaret,
654 3418 699 3463 ex
715 3397 819 3463 animi
840 3394 1012 3462 sententia.
1057 3391 1234 3457 Neminem

129 3495 271 3559 arbitror
286 3513 308 3559 a
321 3494 410 3561 felici
424 3498 638 3565 illa'l'srentii
649 3502 864 3586 simplicitate
880 3498 1019 3584 propius
1033 3496 1160 3560 abesse.
1190 3490 1235 3557 Et

129 3697 278 3762 Terentii
308 3718 440 3786 semper
468 3704 636 3770 lenitatem
664 3707 772 3789 magis
798 3706 901 3783 sacto,
924 3721 1022 3787 qnam
1049 3697 1232 3763 Phaedrns:

132 3798 222 3881 qnod
246 3807 281 3864 et
306 3819 441 3868 necesso
466 3804 593 3887 iuerat3
615 3824 656 3869 ea
682 3807 770 3871 enim
797 3813 851 3871 est
878 3805 1108 3892 apologorum,
1131 3807 1233 3884 atque

131 3899 216 3967 adso
232 3901 431 3967 fabellarum
447 3909 592 3973 omnium
609 3914 739 3990 natura,
761 3915 799 3975 ot
820 3926 969 3974 sermone
990 3924 1058 3970 non
1076 3902 1231 3979 debeant,

130 3999 192 4065 nisi
206 4001 299 4067 sacili
310 4003 522 4091 placidoque,
537 4010 693 4076 mactari.
