2714 4696
564 339 613 387 un
637 338 809 389 Pnunno.
1169 323 1233 387 707

129 490 325 571 ‘appendicis
340 489 377 549 ad
392 489 507 550 fabulas
522 492 637 552 Pbaedri
651 513 687 554 ex
711 489 897 551 Bibliotheca
912 487 1066 561 leidensi,’
1092 498 1233 568 tauquam

129 589 296 667 exemptum
312 588 519 666 descriptionis
534 590 673 668 poeticae,
699 589 809 649 bellurn
834 598 937 647 contra
963 589 1092 646 Batavos
1107 606 1124 644 a
1139 586 1234 646 Gallis

127 685 233 743 initum
249 704 277 743 a.
298 682 385 756 1670,
401 685 560 766 allegorico
574 688 676 766 mytho
699 687 885 765 exponentis,
905 685 1018 760 integra
1040 682 1155 761 legitur.
1199 682 1233 742 In

129 780 259 840 editione
273 782 490 841 Burmanniana
505 802 573 861 pag.
591 791 660 845 205.
675 793 704 843 et
718 803 786 862 pag.
803 789 873 845 325.
898 790 928 840 et
952 779 995 849 iis,
1011 799 1079 856 quae
1092 779 1233 857 deinceps

124 895 189 936 eam
204 887 314 937 serutae
328 887 407 947 sunt,
422 898 572 939 accessere
584 878 694 940 fabulae
710 881 850 960 quinque,
864 898 882 937 a
895 877 998 937 Gudio
1013 897 1029 935 e
1044 877 1104 936 Ms.
1126 876 1230 937 Divio-

126 974 210 1032 nensi
225 973 392 1051 descriptae,
407 985 437 1034 et
453 976 579 1035 numeris
594 976 653 1035 suis
668 977 800 1048 redditos,
824 997 890 1055 quae
905 977 934 1034 in
948 974 1095 1053 prioribus
1118 972 1234 1032 deside·

127 1079 240 1128 rantur.
283 1077 291 1102 ‘
305 1070 498 1142 Crediderim,
512 1091 579 1130 eum
595 1073 714 1149 plures,’
729 1072 825 1149 inquit
838 1073 1033 1142 Burmannus,
1050 1078 1106 1129 ‘ex
1128 1069 1232 1129 eodern

128 1163 244 1224 Codice
258 1163 469 1242 descripsisse:
491 1186 557 1225 nam
572 1167 637 1243 ejus
650 1170 879 1245 autographum,
893 1188 928 1226 ex
945 1187 1005 1245 quo
1021 1186 1074 1225 nos
1090 1187 1138 1226 eas
1152 1166 1234 1225 exhi·

128 1260 245 1333 bemus,
259 1273 290 1321 ut
305 1263 441 1322 omnibus
456 1261 515 1322 t'ere
533 1264 678 1343 partibus,
700 1264 743 1322 ita
765 1264 891 1321 maxime
916 1263 945 1320 in
970 1260 1028 1320 fine
1053 1261 1181 1320 lacerum
1202 1269 1234 1321 et

128 1357 264 1415 mutilum
280 1367 352 1428 erat,
369 1369 398 1416 et
413 1359 496 1436 plura
521 1359 600 1432 folia,
617 1360 725 1438 quibus
752 1357 866 1418 subulas
890 1357 989 1416 adbuc
1014 1358 1157 1435 quasdam
1183 1377 1233 1416 ex·

127 1453 294 1531 scripserat,
310 1458 357 1528 (ut
371 1453 463 1532 ipsius
480 1474 580 1514 manus
593 1456 737 1545 incapite
752 1454 856 1532 prirnae
870 1453 961 1530 hujus
977 1453 1085 1512 sabulae
1097 1462 1231 1524 restatur,

128 1568 208 1627 quae,
230 1549 255 1608 si
280 1549 355 1609 bene
380 1551 508 1623 memini,
532 1553 652 1631 triginta
675 1572 767 1611 novas
788 1562 817 1611 et
842 1570 990 1628 nunquam
1014 1550 1109 1610 editas
1133 1549 1162 1607 in
1179 1550 1231 1609 has

127 1645 246 1704 chartas
258 1644 297 1704 ab
312 1646 377 1724 ipso
392 1647 545 1725 conjectas
567 1647 742 1720 indicabat)
767 1646 1020 1717 desiderabantur,
1045 1655 1075 1706 et
1100 1644 1231 1705 abscissa

127 1759 193 1799 esse
207 1740 389 1800 videbantur.
433 1743 520 1802 Forte
535 1753 564 1802 et
592 1744 638 1802 hee
665 1743 823 1823 aliquando
844 1743 980 1812 claustra,
1005 1742 1112 1821 quibus
1137 1740 1232 1800 conti·
1255 1752 1259 1763 ’

127 1839 463 1915 neutur,perrumpent.’
503 1839 648 1900 Pbaedrus
662 1842 722 1921 ipse
745 1842 774 1900 in
798 1840 894 1900 limine
918 1840 985 1899 libri
1013 1839 1100 1919 primi
1128 1838 1230 1910 innuit,

127 1933 249 1992 arbores
264 1933 363 2005 ctiam,
377 1954 435 1994 non
448 1936 537 1996 modo
553 1936 641 2011 seras,
655 1938 810 2017 loquentes
826 1959 843 1997 a
857 1958 886 1997 se
900 1938 1049 1999 inductas.
1081 1941 1121 1999 At
1136 1936 1165 1996 in
1190 1936 1232 1995 sa·

127 2028 217 2100 bulis,
232 2048 299 2105 quae
322 2039 433 2102 extant,
457 2034 544 2093 nullae
566 2038 688 2098 arbores
703 2037 875 2116 loquuntur,
901 2044 1098 2116 praeterquam
1121 2034 1151 2093 in
1170 2051 1228 2093 una

127 2126 190 2195 itta,
204 2143 308 2201 quaea
332 2126 436 2188 Gudio
457 2139 573 2208 reperta
581 2141 636 2192 est.
