<?xml version="1.0" encoding="UTF-8"?>
<!DOCTYPE html PUBLIC "-//W3C//DTD XHTML 1.0 Transitional//EN"
    "http://www.w3.org/TR/xhtml1/DTD/xhtml1-transitional.dtd">
<html xmlns="http://www.w3.org/1999/xhtml" xml:lang="en" lang="en">
 <head>
  <title>
</title>
<meta http-equiv="Content-Type" content="text/html;charset=utf-8" />
  <meta name='ocr-system' content='tesseract 3.04.00' />
  <meta name='ocr-capabilities' content='ocr_page ocr_carea ocr_par ocr_line ocrx_word'/>
</head>
<body>
  <div class='ocr_page' id='page_1' title='image "./phaedriaugustil01phaegoog_0022.png"; bbox 0 0 2730 4688; ppageno 0'>
   <div class='ocr_carea' id='block_1_1' title="bbox 328 868 1188 1063">
    <p class='ocr_par' dir='ltr' id='par_1_1' title="bbox 328 866 1188 1063">
     <span class='ocr_line' id='line_1_1' title="bbox 328 868 1188 1063; baseline 0.008 -51"><span class='ocrx_word' id='word_1_1' title='bbox 328 868 973 1019; x_wconf 67' lang='lat' dir='ltr'><strong>PRAEFATIQ&#39;</strong></span> <span class='ocrx_word' id='word_1_2' title='bbox 1085 1057 1088 1063; x_wconf 8' lang='grc' dir='ltr'>Ι</span> <span class='ocrx_word' id='word_1_3' title='bbox 1184 1014 1188 1019; x_wconf 82' lang='grc'><strong>,</strong></span> 
     </span>
    </p>
   </div>
   <div class='ocr_carea' id='block_1_2' title="bbox 489 1249 771 1260">
    <p class='ocr_par' dir='ltr' id='par_1_2' title="bbox 489 1249 771 1260">
     <span class='ocr_line' id='line_1_2' title="bbox 489 1249 771 1260; baseline 0.004 -3"><span class='ocrx_word' id='word_1_4' title='bbox 489 1249 771 1260; x_wconf 68' lang='lat' dir='ltr'><strong>——u———n—n—-n</strong></span> 
     </span>
    </p>
   </div>
   <div class='ocr_carea' id='block_1_3' title="bbox 78 1542 1249 3702">
    <p class='ocr_par' dir='ltr' id='par_1_3' title="bbox 78 1542 1249 3702">
     <span class='ocr_line' id='line_1_3' title="bbox 79 1542 1186 1661; baseline 0.001 -23"><span class='ocrx_word' id='word_1_5' title='bbox 79 1542 181 1639; x_wconf 76' lang='lat' dir='ltr'><strong>Ceu</strong></span> <span class='ocrx_word' id='word_1_6' title='bbox 207 1577 287 1638; x_wconf 79' lang='lat' dir='ltr'><strong>ante</strong></span> <span class='ocrx_word' id='word_1_7' title='bbox 309 1571 371 1637; x_wconf 83' lang='lat' dir='ltr'><strong>hos</strong></span> <span class='ocrx_word' id='word_1_8' title='bbox 389 1571 514 1661; x_wconf 71' lang='lat' dir='ltr'><strong>¹viginti</strong></span> <span class='ocrx_word' id='word_1_9' title='bbox 531 1579 569 1640; x_wconf 88' lang='lat' dir='ltr'><strong>et</strong></span> <span class='ocrx_word' id='word_1_10' title='bbox 587 1581 735 1660; x_wconf 85' lang='lat' dir='ltr'><strong>quatuor</strong></span> <span class='ocrx_word' id='word_1_11' title='bbox 754 1571 1072 1640; x_wconf 77' lang='lat' dir='ltr'><strong>annosEditionem</strong></span> <span class='ocrx_word' id='word_1_12' title='bbox 1088 1573 1186 1639; x_wconf 78' lang='lat' dir='ltr'><strong>Pirae·</strong></span> 
     </span>
     <span class='ocr_line' id='line_1_4' title="bbox 79 1672 1186 1762; baseline 0.003 -22"><span class='ocrx_word' id='word_1_13' title='bbox 79 1672 140 1753; x_wconf 80' lang='lat' dir='ltr'><strong>dri,</strong></span> <span class='ocrx_word' id='word_1_14' title='bbox 162 1694 243 1741; x_wconf 86' lang='lat' dir='ltr'><strong>cum</strong></span> <span class='ocrx_word' id='word_1_15' title='bbox 258 1676 397 1742; x_wconf 82' lang='lat' dir='ltr'><strong>selectis</strong></span> <span class='ocrx_word' id='word_1_16' title='bbox 412 1676 595 1742; x_wconf 87' lang='lat' dir='ltr'><strong>Variomm</strong></span> <span class='ocrx_word' id='word_1_17' title='bbox 611 1675 727 1757; x_wconf 86' lang='lat' dir='ltr'><strong>Notis,</strong></span> <span class='ocrx_word' id='word_1_18' title='bbox 743 1677 871 1762; x_wconf 82' lang='lat' dir='ltr'><strong>quibus</strong></span> <span class='ocrx_word' id='word_1_19' title='bbox 886 1692 979 1742; x_wconf 82' lang='lat' dir='ltr'><strong>meas</strong></span> <span class='ocrx_word' id='word_1_20' title='bbox 993 1677 1186 1762; x_wconf 80' lang='lat' dir='ltr'><strong>adjecerem</strong></span> 
     </span>
     <span class='ocr_line' id='line_1_5' title="bbox 80 1772 1189 1863; baseline 0.003 -22"><span class='ocrx_word' id='word_1_21' title='bbox 80 1772 397 1857; x_wconf 54' lang='lat' dir='ltr'><strong>oneemnonesstn</strong></span> <span class='ocrx_word' id='word_1_22' title='bbox 410 1779 521 1843; x_wconf 85' lang='lat' dir='ltr'><strong>lucem</strong></span> <span class='ocrx_word' id='word_1_23' title='bbox 537 1779 740 1859; x_wconf 70' lang='lat' dir='ltr'><strong>emisissem</strong></span> <span class='ocrx_word' id='word_1_24' title='bbox 753 1798 815 1862; x_wconf 74' lang='lat' dir='ltr'><strong>ego</strong></span> <span class='ocrx_word' id='word_1_25' title='bbox 824 1778 960 1863; x_wconf 89' lang='lat' dir='ltr'><strong>quidem</strong></span> <span class='ocrx_word' id='word_1_26' title='bbox 969 1778 1189 1851; x_wconf 85' lang='lat' dir='ltr'><strong>vehementer</strong></span> 
     </span>
     <span class='ocr_line' id='line_1_6' title="bbox 80 1879 1188 1968; baseline 0.001 -24"><span class='ocrx_word' id='word_1_27' title='bbox 80 1879 283 1960; x_wconf 73' lang='lat' dir='ltr'><strong>gaudebam,</strong></span> <span class='ocrx_word' id='word_1_28' title='bbox 305 1882 586 1961; x_wconf 86' lang='lat' dir='ltr'><strong>animadvertens,</strong></span> <span class='ocrx_word' id='word_1_29' title='bbox 611 1883 760 1968; x_wconf 83' lang='lat' dir='ltr'><strong>opellam</strong></span> <span class='ocrx_word' id='word_1_30' title='bbox 774 1888 884 1948; x_wconf 85' lang='lat' dir='ltr'><strong>meam</strong></span> <span class='ocrx_word' id='word_1_31' title='bbox 904 1882 1188 1967; x_wconf 78' lang='lat' dir='ltr'><strong>qualemcumque</strong></span> 
     </span>
     <span class='ocr_line' id='line_1_7' title="bbox 78 1979 1186 2068; baseline 0.003 -23"><span class='ocrx_word' id='word_1_32' title='bbox 78 1979 172 2048; x_wconf 77' lang='lat' dir='ltr'><strong>Viris</strong></span> <span class='ocrx_word' id='word_1_33' title='bbox 187 1982 303 2057; x_wconf 82' lang='lat' dir='ltr'><strong>doctis</strong></span> <span class='ocrx_word' id='word_1_34' title='bbox 316 2002 383 2048; x_wconf 90' lang='lat' dir='ltr'><strong>non</strong></span> <span class='ocrx_word' id='word_1_35' title='bbox 398 1984 628 2068; x_wconf 82' lang='lat' dir='ltr'><strong>displicuisse,</strong></span> <span class='ocrx_word' id='word_1_36' title='bbox 653 1987 759 2050; x_wconf 91' lang='lat' dir='ltr'><strong>immo</strong></span> <span class='ocrx_word' id='word_1_37' title='bbox 772 2002 853 2049; x_wconf 85' lang='lat' dir='ltr'><strong>vero</strong></span> <span class='ocrx_word' id='word_1_38' title='bbox 878 2005 900 2049; x_wconf 82' lang='lat' dir='ltr'><strong>a</strong></span> <span class='ocrx_word' id='word_1_39' title='bbox 922 1982 1078 2067; x_wconf 83' lang='lat' dir='ltr'><strong>plurimis</strong></span> <span class='ocrx_word' id='word_1_40' title='bbox 1093 2002 1186 2068; x_wconf 82' lang='lat' dir='ltr'><strong>mag·</strong></span> 
     </span>
     <span class='ocr_line' id='line_1_8' title="bbox 79 2083 1192 2171; baseline 0.002 -23"><span class='ocrx_word' id='word_1_41' title='bbox 79 2100 142 2148; x_wconf 89' lang='lat' dir='ltr'><strong>nos</strong></span> <span class='ocrx_word' id='word_1_42' title='bbox 151 2083 232 2151; x_wconf 88' lang='lat' dir='ltr'><strong>huic</strong></span> <span class='ocrx_word' id='word_1_43' title='bbox 243 2087 433 2169; x_wconf 85' lang='lat' dir='ltr'><strong>impertitos</strong></span> <span class='ocrx_word' id='word_1_44' title='bbox 444 2105 522 2150; x_wconf 82' lang='lat' dir='ltr'><strong>esse</strong></span> <span class='ocrx_word' id='word_1_45' title='bbox 537 2086 690 2170; x_wconf 79' lang='lat' dir='ltr'>plausus.</span> <span class='ocrx_word' id='word_1_46' title='bbox 715 2087 836 2171; x_wconf 87' lang='lat' dir='ltr'><strong>Neque</strong></span> <span class='ocrx_word' id='word_1_47' title='bbox 847 2085 949 2151; x_wconf 89' lang='lat' dir='ltr'><strong>etiam</strong></span> <span class='ocrx_word' id='word_1_48' title='bbox 962 2085 1192 2170; x_wconf 87' lang='lat' dir='ltr'><strong>subsequenti-</strong></span> 
     </span>
     <span class='ocr_line' id='line_1_9' title="bbox 79 2179 1249 2270; baseline 0.003 -22"><span class='ocrx_word' id='word_1_49' title='bbox 79 2190 231 2270; x_wconf 85' lang='lat' dir='ltr'><strong>tempore</strong></span> <span class='ocrx_word' id='word_1_50' title='bbox 245 2188 427 2252; x_wconf 81' lang='lat' dir='ltr'><strong>defuerunt</strong></span> <span class='ocrx_word' id='word_1_51' title='bbox 441 2187 623 2269; x_wconf 73' lang='lat' dir='ltr'><strong>elegantiae</strong></span> <span class='ocrx_word' id='word_1_52' title='bbox 651 2196 686 2253; x_wconf 91' lang='lat' dir='ltr'><strong>et</strong></span> <span class='ocrx_word' id='word_1_53' title='bbox 710 2189 870 2253; x_wconf 84' lang='lat' dir='ltr'><strong>doctrinae</strong></span> <span class='ocrx_word' id='word_1_54' title='bbox 893 2188 994 2254; x_wconf 76' lang='lat' dir='ltr'><strong>leude</strong></span> <span class='ocrx_word' id='word_1_55' title='bbox 1011 2186 1189 2270; x_wconf 82' lang='lat' dir='ltr'><strong>conspicui</strong></span> <span class='ocrx_word' id='word_1_56' title='bbox 1237 2179 1249 2193; x_wconf 77' lang='grc'><strong><em>’</em></strong></span> 
     </span>
     <span class='ocr_line' id='line_1_10' title="bbox 79 2285 1188 2374; baseline 0.001 -23"><span class='ocrx_word' id='word_1_57' title='bbox 79 2285 153 2363; x_wconf 76' lang='lat' dir='ltr'><strong>viri,</strong></span> <span class='ocrx_word' id='word_1_58' title='bbox 176 2290 235 2371; x_wconf 88' lang='lat' dir='ltr'><strong>qni</strong></span> <span class='ocrx_word' id='word_1_59' title='bbox 249 2308 359 2353; x_wconf 86' lang='lat' dir='ltr'><strong>meam</strong></span> <span class='ocrx_word' id='word_1_60' title='bbox 381 2288 521 2353; x_wconf 85' lang='lat' dir='ltr'><strong>Phredri</strong></span> <span class='ocrx_word' id='word_1_61' title='bbox 545 2289 736 2353; x_wconf 87' lang='lat' dir='ltr'><strong>Editionem</strong></span> <span class='ocrx_word' id='word_1_62' title='bbox 759 2290 907 2374; x_wconf 87' lang='lat' dir='ltr'><strong>reliquas</strong></span> <span class='ocrx_word' id='word_1_63' title='bbox 922 2289 1070 2354; x_wconf 88' lang='lat' dir='ltr'><strong>utilitate</strong></span> <span class='ocrx_word' id='word_1_64' title='bbox 1086 2307 1188 2370; x_wconf 87' lang='lat' dir='ltr'><strong>supe·</strong></span> 
     </span>
     <span class='ocr_line' id='line_1_11' title="bbox 79 2389 1189 2473; baseline 0.003 -23"><span class='ocrx_word' id='word_1_65' title='bbox 79 2405 156 2452; x_wconf 87' lang='lat' dir='ltr'><strong>rare</strong></span> <span class='ocrx_word' id='word_1_66' title='bbox 171 2395 372 2454; x_wconf 73' lang='lat' dir='ltr'><strong>censerent·</strong></span> <span class='ocrx_word' id='word_1_67' title='bbox 407 2390 481 2472; x_wconf 76' lang='lat' dir='ltr'><strong>Ego</strong></span> <span class='ocrx_word' id='word_1_68' title='bbox 496 2409 589 2466; x_wconf 89' lang='lat' dir='ltr'><strong>vero,</strong></span> <span class='ocrx_word' id='word_1_69' title='bbox 605 2398 645 2454; x_wconf 91' lang='lat' dir='ltr'><strong>nt</strong></span> <span class='ocrx_word' id='word_1_70' title='bbox 660 2393 806 2473; x_wconf 86' lang='lat' dir='ltr'><strong>ingenue</strong></span> <span class='ocrx_word' id='word_1_71' title='bbox 820 2391 941 2467; x_wconf 76' lang='lat' dir='ltr'><strong>fatear,</strong></span> <span class='ocrx_word' id='word_1_72' title='bbox 958 2395 993 2454; x_wconf 90' lang='lat' dir='ltr'><strong>et</strong></span> <span class='ocrx_word' id='word_1_73' title='bbox 1006 2409 1072 2454; x_wconf 87' lang='lat' dir='ltr'><strong>usu</strong></span> <span class='ocrx_word' id='word_1_74' title='bbox 1086 2389 1189 2454; x_wconf 89' lang='lat' dir='ltr'><strong>edoc-</strong></span> 
     </span>
     <span class='ocr_line' id='line_1_12' title="bbox 79 2489 1189 2574; baseline 0.005 -23"><span class='ocrx_word' id='word_1_75' title='bbox 79 2493 192 2573; x_wconf 24' lang='lat' dir='ltr'><strong>tns,·et</strong></span> <span class='ocrx_word' id='word_1_76' title='bbox 201 2489 359 2555; x_wconf 78' lang='lat' dir='ltr'><strong>Virorum</strong></span> <span class='ocrx_word' id='word_1_77' title='bbox 374 2492 549 2555; x_wconf 89' lang='lat' dir='ltr'><strong>doctorum</strong></span> <span class='ocrx_word' id='word_1_78' title='bbox 564 2492 730 2573; x_wconf 84' lang='lat' dir='ltr'><strong>suffragiis</strong></span> <span class='ocrx_word' id='word_1_79' title='bbox 744 2493 902 2570; x_wconf 83' lang='lat' dir='ltr'><strong>monitus,</strong></span> <span class='ocrx_word' id='word_1_80' title='bbox 916 2510 997 2556; x_wconf 85' lang='lat' dir='ltr'><strong>mox</strong></span> <span class='ocrx_word' id='word_1_81' title='bbox 1009 2492 1189 2574; x_wconf 85' lang='lat' dir='ltr'><strong>intelligere</strong></span> 
     </span>
     <span class='ocr_line' id='line_1_13' title="bbox 81 2591 1188 2676; baseline 0.002 -20"><span class='ocrx_word' id='word_1_82' title='bbox 81 2591 184 2674; x_wconf 83' lang='lat' dir='ltr'><strong>coepi,</strong></span> <span class='ocrx_word' id='word_1_83' title='bbox 207 2611 275 2654; x_wconf 92' lang='lat' dir='ltr'><strong>non</strong></span> <span class='ocrx_word' id='word_1_84' title='bbox 300 2612 412 2675; x_wconf 89' lang='lat' dir='ltr'><strong>pauca</strong></span> <span class='ocrx_word' id='word_1_85' title='bbox 434 2593 469 2656; x_wconf 95' lang='lat' dir='ltr'><strong>in</strong></span> <span class='ocrx_word' id='word_1_86' title='bbox 491 2594 596 2656; x_wconf 90' lang='lat' dir='ltr'><strong>hocce</strong></span> <span class='ocrx_word' id='word_1_87' title='bbox 620 2594 786 2676; x_wconf 89' lang='lat' dir='ltr'><strong>opusculo</strong></span> <span class='ocrx_word' id='word_1_88' title='bbox 806 2613 885 2658; x_wconf 89' lang='lat' dir='ltr'><strong>csse</strong></span> <span class='ocrx_word' id='word_1_89' title='bbox 908 2594 964 2658; x_wconf 84' lang='lat' dir='ltr'><strong>vol</strong></span> <span class='ocrx_word' id='word_1_90' title='bbox 979 2614 1109 2671; x_wconf 87' lang='lat' dir='ltr'><strong>manca,</strong></span> <span class='ocrx_word' id='word_1_91' title='bbox 1133 2594 1188 2659; x_wconf 84' lang='lat' dir='ltr'><strong>vel</strong></span> 
     </span>
     <span class='ocr_line' id='line_1_14' title="bbox 80 2694 1190 2778; baseline 0.002 -21"><span class='ocrx_word' id='word_1_92' title='bbox 80 2713 145 2758; x_wconf 88' lang='lat' dir='ltr'><strong>non</strong></span> <span class='ocrx_word' id='word_1_93' title='bbox 161 2696 248 2758; x_wconf 87' lang='lat' dir='ltr'><strong>satis</strong></span> <span class='ocrx_word' id='word_1_94' title='bbox 264 2703 424 2759; x_wconf 88' lang='lat' dir='ltr'><strong>accurate</strong></span> <span class='ocrx_word' id='word_1_95' title='bbox 439 2697 612 2777; x_wconf 83' lang='lat' dir='ltr'><strong>exposita,</strong></span> <span class='ocrx_word' id='word_1_96' title='bbox 636 2714 703 2778; x_wconf 88' lang='lat' dir='ltr'><strong>quo</strong></span> <span class='ocrx_word' id='word_1_97' title='bbox 726 2697 873 2761; x_wconf 84' lang='lat' dir='ltr'><strong>maxime</strong></span> <span class='ocrx_word' id='word_1_98' title='bbox 897 2694 1061 2759; x_wconf 81' lang='lat' dir='ltr'><strong>referendi</strong></span> <span class='ocrx_word' id='word_1_99' title='bbox 1086 2694 1190 2759; x_wconf 86' lang='lat' dir='ltr'><strong>Codi-</strong></span> 
     </span>
     <span class='ocr_line' id='line_1_15' title="bbox 82 2796 1188 2877; baseline -0.003 -13"><span class='ocrx_word' id='word_1_100' title='bbox 82 2817 156 2866; x_wconf 80' lang='lat' dir='ltr'><strong>cum</strong></span> <span class='ocrx_word' id='word_1_101' title='bbox 188 2798 275 2861; x_wconf 84' lang='lat' dir='ltr'><strong>Mss.</strong></span> <span class='ocrx_word' id='word_1_102' title='bbox 310 2818 371 2862; x_wconf 87' lang='lat' dir='ltr'><strong>nec</strong></span> <span class='ocrx_word' id='word_1_103' title='bbox 401 2817 470 2861; x_wconf 84' lang='lat' dir='ltr'><strong>non</strong></span> <span class='ocrx_word' id='word_1_104' title='bbox 500 2797 696 2862; x_wconf 85' lang='lat' dir='ltr'><strong>Editionum</strong></span> <span class='ocrx_word' id='word_1_105' title='bbox 733 2805 767 2863; x_wconf 88' lang='lat' dir='ltr'><strong>ct</strong></span> <span class='ocrx_word' id='word_1_106' title='bbox 795 2797 1001 2865; x_wconf 87' lang='lat' dir='ltr'><strong>Versionum</strong></span> <span class='ocrx_word' id='word_1_107' title='bbox 1031 2796 1188 2877; x_wconf 90' lang='lat' dir='ltr'><strong>Indices;</strong></span> 
     </span>
     <span class='ocr_line' id='line_1_16' title="bbox 82 2898 1188 2983; baseline -0.003 -19"><span class='ocrx_word' id='word_1_108' title='bbox 82 2901 238 2982; x_wconf 80' lang='lat' dir='ltr'><strong>qnmdam</strong></span> <span class='ocrx_word' id='word_1_109' title='bbox 266 2921 354 2983; x_wconf 83' lang='lat' dir='ltr'><strong>quoe,</strong></span> <span class='ocrx_word' id='word_1_110' title='bbox 384 2902 451 2965; x_wconf 87' lang='lat' dir='ltr'><strong>etsi</strong></span> <span class='ocrx_word' id='word_1_111' title='bbox 478 2900 589 2977; x_wconf 82' lang='lat' dir='ltr'><strong>utilia,</strong></span> <span class='ocrx_word' id='word_1_112' title='bbox 621 2900 870 2983; x_wconf 85' lang='lat' dir='ltr'><strong>interpretando</strong></span> <span class='ocrx_word' id='word_1_113' title='bbox 898 2906 1013 2964; x_wconf 81' lang='lat' dir='ltr'><strong>tamen</strong></span> <span class='ocrx_word' id='word_1_114' title='bbox 1043 2898 1188 2963; x_wconf 87' lang='lat' dir='ltr'><strong>Phaedro</strong></span> 
     </span>
     <span class='ocr_line' id='line_1_17' title="bbox 84 3003 1191 3085; baseline -0.003 -18"><span class='ocrx_word' id='word_1_115' title='bbox 84 3022 202 3085; x_wconf 77' lang='lat' dir='ltr'><strong>parum</strong></span> <span class='ocrx_word' id='word_1_116' title='bbox 227 3004 387 3068; x_wconf 82' lang='lat' dir='ltr'><strong>inservire</strong></span> <span class='ocrx_word' id='word_1_117' title='bbox 414 3003 813 3083; x_wconf 71' lang='lat' dir='ltr'><strong>viderentu13nonnulla</strong></span> <span class='ocrx_word' id='word_1_118' title='bbox 840 3005 952 3080; x_wconf 89' lang='lat' dir='ltr'><strong>etiam,</strong></span> <span class='ocrx_word' id='word_1_119' title='bbox 977 3020 1053 3085; x_wconf 83' lang='lat' dir='ltr'><strong>quae</strong></span> <span class='ocrx_word' id='word_1_120' title='bbox 1074 3004 1191 3064; x_wconf 82' lang='lat' dir='ltr'><strong>essent</strong></span> 
     </span>
     <span class='ocr_line' id='line_1_18' title="bbox 84 3101 1190 3188; baseline -0.004 -20"><span class='ocrx_word' id='word_1_121' title='bbox 84 3114 141 3168; x_wconf 80' lang='lat' dir='ltr'><strong>mit</strong></span> <span class='ocrx_word' id='word_1_122' title='bbox 152 3106 243 3169; x_wconf 87' lang='lat' dir='ltr'><strong>male</strong></span> <span class='ocrx_word' id='word_1_123' title='bbox 260 3107 405 3188; x_wconf 77' lang='lat' dir='ltr'><strong>digesta,</strong></span> <span class='ocrx_word' id='word_1_124' title='bbox 428 3114 569 3170; x_wconf 88' lang='lat' dir='ltr'><strong>autnon</strong></span> <span class='ocrx_word' id='word_1_125' title='bbox 583 3107 669 3171; x_wconf 83' lang='lat' dir='ltr'><strong>setis</strong></span> <span class='ocrx_word' id='word_1_126' title='bbox 686 3106 799 3169; x_wconf 90' lang='lat' dir='ltr'><strong>lucide</strong></span> <span class='ocrx_word' id='word_1_127' title='bbox 813 3106 1002 3188; x_wconf 81' lang='lat' dir='ltr'><strong>explicata3</strong></span> <span class='ocrx_word' id='word_1_128' title='bbox 1025 3101 1190 3165; x_wconf 87' lang='lat' dir='ltr'><strong>nonnulla</strong></span> 
     </span>
     <span class='ocr_line' id='line_1_19' title="bbox 84 3204 1189 3291; baseline -0.006 -21"><span class='ocrx_word' id='word_1_129' title='bbox 84 3206 230 3291; x_wconf 82' lang='lat' dir='ltr'><strong>denique</strong></span> <span class='ocrx_word' id='word_1_130' title='bbox 258 3215 373 3272; x_wconf 86' lang='lat' dir='ltr'><strong>textus</strong></span> <span class='ocrx_word' id='word_1_131' title='bbox 399 3210 489 3285; x_wconf 85' lang='lat' dir='ltr'><strong>loca,</strong></span> <span class='ocrx_word' id='word_1_132' title='bbox 518 3228 638 3290; x_wconf 85' lang='lat' dir='ltr'><strong>parum</strong></span> <span class='ocrx_word' id='word_1_133' title='bbox 669 3209 844 3272; x_wconf 88' lang='lat' dir='ltr'><strong>emendate</strong></span> <span class='ocrx_word' id='word_1_134' title='bbox 873 3208 984 3269; x_wconf 77' lang='lat' dir='ltr'><strong>edita·</strong></span> <span class='ocrx_word' id='word_1_135' title='bbox 1034 3204 1189 3266; x_wconf 85' lang='lat' dir='ltr'><strong>Maxime</strong></span> 
     </span>
     <span class='ocr_line' id='line_1_20' title="bbox 84 3309 1187 3393; baseline -0.005 -19"><span class='ocrx_word' id='word_1_136' title='bbox 84 3317 155 3374; x_wconf 80' lang='lat' dir='ltr'><strong>erat</strong></span> <span class='ocrx_word' id='word_1_137' title='bbox 167 3311 370 3393; x_wconf 87' lang='lat' dir='ltr'><strong>optandum,</strong></span> <span class='ocrx_word' id='word_1_138' title='bbox 392 3318 431 3373; x_wconf 90' lang='lat' dir='ltr'><strong>ut</strong></span> <span class='ocrx_word' id='word_1_139' title='bbox 449 3312 551 3376; x_wconf 71' lang='lat' dir='ltr'><strong>Note</strong></span> <span class='ocrx_word' id='word_1_140' title='bbox 566 3312 696 3377; x_wconf 81' lang='lat' dir='ltr'><strong>criticae</strong></span> <span class='ocrx_word' id='word_1_141' title='bbox 721 3330 742 3373; x_wconf 86' lang='lat' dir='ltr'><strong>o</strong></span> <span class='ocrx_word' id='word_1_142' title='bbox 756 3309 894 3392; x_wconf 86' lang='lat' dir='ltr'><strong>reliquis</strong></span> <span class='ocrx_word' id='word_1_143' title='bbox 910 3314 1077 3390; x_wconf 80' lang='lat' dir='ltr'><strong>separatae</strong></span> <span class='ocrx_word' id='word_1_144' title='bbox 1093 3325 1187 3369; x_wconf 90' lang='lat' dir='ltr'><strong>com·</strong></span> 
     </span>
     <span class='ocr_line' id='line_1_21' title="bbox 84 3410 1192 3495; baseline -0.002 -20"><span class='ocrx_word' id='word_1_145' title='bbox 84 3413 292 3494; x_wconf 77' lang='lat' dir='ltr'><strong>paruissent..</strong></span> <span class='ocrx_word' id='word_1_146' title='bbox 338 3415 441 3478; x_wconf 83' lang='lat' dir='ltr'><strong>Nunc</strong></span> <span class='ocrx_word' id='word_1_147' title='bbox 457 3413 590 3478; x_wconf 87' lang='lat' dir='ltr'><strong>demum</strong></span> <span class='ocrx_word' id='word_1_148' title='bbox 610 3416 698 3477; x_wconf 89' lang='lat' dir='ltr'><strong>enim</strong></span> <span class='ocrx_word' id='word_1_149' title='bbox 723 3414 962 3495; x_wconf 87' lang='lat' dir='ltr'><strong>intelligebam,</strong></span> <span class='ocrx_word' id='word_1_150' title='bbox 991 3410 1051 3474; x_wconf 85' lang='lat' dir='ltr'><strong>tali</strong></span> <span class='ocrx_word' id='word_1_151' title='bbox 1079 3410 1192 3475; x_wconf 88' lang='lat' dir='ltr'><strong>Nota·</strong></span> 
     </span>
     <span class='ocr_line' id='line_1_22' title="bbox 84 3513 1192 3598; baseline -0.002 -20"><span class='ocrx_word' id='word_1_152' title='bbox 84 3533 152 3578; x_wconf 80' lang='lat' dir='ltr'><strong>rum</strong></span> <span class='ocrx_word' id='word_1_153' title='bbox 168 3516 393 3598; x_wconf 73' lang='lat' dir='ltr'><strong>permistione</strong></span> <span class='ocrx_word' id='word_1_154' title='bbox 415 3535 517 3580; x_wconf 89' lang='lat' dir='ltr'><strong>usum</strong></span> <span class='ocrx_word' id='word_1_155' title='bbox 540 3516 616 3580; x_wconf 86' lang='lat' dir='ltr'><strong>libri</strong></span> <span class='ocrx_word' id='word_1_156' title='bbox 643 3516 810 3583; x_wconf 89' lang='lat' dir='ltr'><strong>redditum</strong></span> <span class='ocrx_word' id='word_1_157' title='bbox 825 3535 901 3578; x_wconf 89' lang='lat' dir='ltr'><strong>esse</strong></span> <span class='ocrx_word' id='word_1_158' title='bbox 915 3513 1139 3578; x_wconf 83' lang='lat' dir='ltr'><strong>difficiliorem</strong></span> <span class='ocrx_word' id='word_1_159' title='bbox 1154 3517 1192 3576; x_wconf 88' lang='lat' dir='ltr'><strong>et</strong></span> 
     </span>
     <span class='ocr_line' id='line_1_23' title="bbox 86 3616 1193 3702; baseline 0.001 -23"><span class='ocrx_word' id='word_1_160' title='bbox 86 3616 329 3681; x_wconf 86' lang='lat' dir='ltr'><strong>molestiorem.</strong></span> <span class='ocrx_word' id='word_1_161' title='bbox 374 3618 454 3682; x_wconf 90' lang='lat' dir='ltr'><strong>Hoc</strong></span> <span class='ocrx_word' id='word_1_162' title='bbox 468 3619 568 3702; x_wconf 87' lang='lat' dir='ltr'><strong>igitur</strong></span> <span class='ocrx_word' id='word_1_163' title='bbox 583 3627 655 3683; x_wconf 87' lang='lat' dir='ltr'><strong>erat</strong></span> <span class='ocrx_word' id='word_1_164' title='bbox 670 3621 704 3682; x_wconf 90' lang='lat' dir='ltr'><strong>in</strong></span> <span class='ocrx_word' id='word_1_165' title='bbox 719 3619 820 3695; x_wconf 78' lang='lat' dir='ltr'><strong>votiS,</strong></span> <span class='ocrx_word' id='word_1_166' title='bbox 835 3624 885 3692; x_wconf 88' lang='lat' dir='ltr'><strong>ut,</strong></span> <span class='ocrx_word' id='word_1_167' title='bbox 902 3617 931 3681; x_wconf 86' lang='lat' dir='ltr'><strong>si</strong></span> <span class='ocrx_word' id='word_1_168' title='bbox 947 3616 1082 3699; x_wconf 83' lang='lat' dir='ltr'><strong>quando</strong></span> <span class='ocrx_word' id='word_1_169' title='bbox 1099 3635 1193 3680; x_wconf 83' lang='lat' dir='ltr'><strong>nova</strong></span> 
     </span>
    </p>
   </div>
   <div class='ocr_carea' id='block_1_4' title="bbox 116 3819 1193 3994">
    <p class='ocr_par' dir='ltr' id='par_1_4' title="bbox 116 3819 1193 3994">
     <span class='ocr_line' id='line_1_24' title="bbox 581 3819 691 3870; baseline 0.018 -2"><span class='ocrx_word' id='word_1_170' title='bbox 581 3819 691 3870; x_wconf 82' lang='lat' dir='ltr'>NOTAE</span> 
     </span>
     <span class='ocr_line' id='line_1_25' title="bbox 116 3926 1193 3994; baseline 0 -18"><span class='ocrx_word' id='word_1_171' title='bbox 116 3933 128 3959; x_wconf 83' lang='lat'>⁸</span> <span class='ocrx_word' id='word_1_172' title='bbox 141 3926 202 3977; x_wconf 81' lang='lat' dir='ltr'><strong>Vid.</strong></span> <span class='ocrx_word' id='word_1_173' title='bbox 214 3928 402 3994; x_wconf 78' lang='lat' dir='ltr'><strong>Eschrnbnrgii</strong></span> <span class='ocrx_word' id='word_1_174' title='bbox 421 3930 453 3980; x_wconf 92' lang='lat' dir='ltr'><strong>V.</strong></span> <span class='ocrx_word' id='word_1_175' title='bbox 470 3931 511 3979; x_wconf 84' lang='lat' dir='ltr'><strong>Ci.</strong></span> <span class='ocrx_word' id='word_1_176' title='bbox 528 3931 619 3980; x_wconf 79' lang='lat' dir='ltr'><strong>Hand·</strong></span> <span class='ocrx_word' id='word_1_177' title='bbox 661 3932 729 3983; x_wconf 80' lang='lat' dir='ltr'><strong>Zeit</strong></span> <span class='ocrx_word' id='word_1_178' title='bbox 748 3944 806 3980; x_wconf 79' lang='lat' dir='ltr'><strong>nnn.</strong></span> <span class='ocrx_word' id='word_1_179' title='bbox 819 3932 890 3979; x_wconf 79' lang='grc'><strong>1785.</strong></span> <span class='ocrx_word' id='word_1_180' title='bbox 903 3936 924 3979; x_wconf 85' lang='lat' dir='ltr'><strong>t.</strong></span> <span class='ocrx_word' id='word_1_181' title='bbox 936 3942 968 3979; x_wconf 81' lang='grc' dir='ltr'><strong>ιι.</strong></span> <span class='ocrx_word' id='word_1_182' title='bbox 982 3944 1009 3993; x_wconf 81' lang='lat' dir='ltr'><strong>p.</strong></span> <span class='ocrx_word' id='word_1_183' title='bbox 1022 3933 1078 3979; x_wconf 77' lang='lat' dir='ltr'><strong>leo.</strong></span> <span class='ocrx_word' id='word_1_184' title='bbox 1103 3927 1193 3990; x_wconf 72' lang='lat' dir='ltr'><strong>Longe</strong></span> 
     </span>
    </p>
   </div>
   <div class='ocr_carea' id='block_1_5' title="bbox 87 4001 1064 4147">
    <p class='ocr_par' dir='ltr' id='par_1_5' title="bbox 87 4001 1064 4147">
     <span class='ocr_line' id='line_1_26' title="bbox 87 4001 1064 4072; baseline 0.006 -20"><span class='ocrx_word' id='word_1_185' title='bbox 87 4001 150 4054; x_wconf 83' lang='lat' dir='ltr'><strong>buch</strong></span> <span class='ocrx_word' id='word_1_186' title='bbox 159 4005 374 4054; x_wconf 78' lang='lat' dir='ltr'><strong>derklussischen</strong></span> <span class='ocrx_word' id='word_1_187' title='bbox 383 4008 515 4056; x_wconf 84' lang='lat' dir='ltr'><strong>Literatur</strong></span> <span class='ocrx_word' id='word_1_188' title='bbox 526 4023 552 4072; x_wconf 82' lang='lat' dir='ltr'><strong>p.</strong></span> <span class='ocrx_word' id='word_1_189' title='bbox 561 4013 620 4059; x_wconf 75' lang='grc'><strong>248.</strong></span> <span class='ocrx_word' id='word_1_190' title='bbox 660 4008 686 4057; x_wconf 90' lang='lat' dir='ltr'><strong>in</strong></span> <span class='ocrx_word' id='word_1_191' title='bbox 698 4005 773 4072; x_wconf 67' lang='lat' dir='ltr'><strong>prees,</strong></span> <span class='ocrx_word' id='word_1_192' title='bbox 782 4007 815 4058; x_wconf 85' lang='lat' dir='ltr'><strong>ad</strong></span> <span class='ocrx_word' id='word_1_193' title='bbox 827 4005 967 4056; x_wconf 72' lang='lat' dir='ltr'><strong>Phaedrum</strong></span> <span class='ocrx_word' id='word_1_194' title='bbox 979 4019 1005 4070; x_wconf 84' lang='lat' dir='ltr'><strong>p.</strong></span> <span class='ocrx_word' id='word_1_195' title='bbox 1018 4018 1064 4058; x_wconf 73' lang='lat' dir='ltr'><strong>xv-</strong></span> 
     </span>
     <span class='ocr_line' id='line_1_27' title="bbox 88 4077 620 4147; baseline 0.011 -18"><span class='ocrx_word' id='word_1_196' title='bbox 88 4077 190 4132; x_wconf 67' lang='lat' dir='ltr'><strong>mar.</strong></span> <span class='ocrx_word' id='word_1_197' title='bbox 210 4081 315 4132; x_wconf 77' lang='lat' dir='ltr'><strong>Censor</strong></span> <span class='ocrx_word' id='word_1_198' title='bbox 325 4080 419 4132; x_wconf 77' lang='lat' dir='ltr'><strong>doctas</strong></span> <span class='ocrx_word' id='word_1_199' title='bbox 435 4083 463 4133; x_wconf 87' lang='lat' dir='ltr'><strong>in</strong></span> <span class='ocrx_word' id='word_1_200' title='bbox 475 4084 545 4147; x_wconf 74' lang='lat' dir='ltr'><strong>Alig.</strong></span> <span class='ocrx_word' id='word_1_201' title='bbox 556 4085 620 4136; x_wconf 80' lang='lat' dir='ltr'><strong>litt.</strong></span> 
     </span>
    </p>
   </div>
   <div class='ocr_carea' id='block_1_6' title="bbox 0 0 1382 4688">
    <p class='ocr_par' dir='ltr' id='par_1_6' title="bbox 0 0 1382 4688">
     <span class='ocr_line' id='line_1_28' title="bbox 0 0 1382 4688; baseline 0 0"><span class='ocrx_word' id='word_1_202' title='bbox 0 0 1382 4688; x_wconf 95' lang='lat' dir='ltr'><strong> </strong></span> 
     </span>
    </p>
   </div>
  </div>
 </body>
</html>
