<?xml version="1.0" encoding="UTF-8"?>
<!DOCTYPE html PUBLIC "-//W3C//DTD XHTML 1.0 Transitional//EN"
    "http://www.w3.org/TR/xhtml1/DTD/xhtml1-transitional.dtd">
<html xmlns="http://www.w3.org/1999/xhtml" xml:lang="en" lang="en">
 <head>
  <title>
</title>
<meta http-equiv="Content-Type" content="text/html;charset=utf-8" />
  <meta name='ocr-system' content='tesseract 3.04.00' />
  <meta name='ocr-capabilities' content='ocr_page ocr_carea ocr_par ocr_line ocrx_word'/>
</head>
<body>
  <div class='ocr_page' id='page_1' title='image "./phaedriaugustil01phaegoog_0207.png"; bbox 0 0 2714 4696; ppageno 0'>
   <div class='ocr_carea' id='block_1_1' title="bbox 207 281 1084 358">
    <p class='ocr_par' dir='ltr' id='par_1_1' title="bbox 207 281 1084 358">
     <span class='ocr_line' id='line_1_1' title="bbox 207 281 1084 358; baseline -0.006 0"><span class='ocrx_word' id='word_1_1' title='bbox 207 281 272 358; x_wconf 72' lang='lat'><strong>192</strong></span> <span class='ocrx_word' id='word_1_2' title='bbox 424 306 573 356; x_wconf 76' lang='lat' dir='ltr'><strong>annunt</strong></span> <span class='ocrx_word' id='word_1_3' title='bbox 589 305 833 356; x_wconf 41' lang='lat' dir='ltr'><strong>fessunsnuu</strong></span> <span class='ocrx_word' id='word_1_4' title='bbox 858 304 1084 355; x_wconf 81' lang='lat' dir='ltr'><strong>asoetsuuu</strong></span> 
     </span>
    </p>
   </div>
   <div class='ocr_carea' id='block_1_2' title="bbox 207 450 963 636">
    <p class='ocr_par' dir='ltr' id='par_1_2' title="bbox 207 450 963 636">
     <span class='ocr_line' id='line_1_2' title="bbox 207 450 911 516; baseline -0.004 0"><span class='ocrx_word' id='word_1_5' title='bbox 207 450 390 516; x_wconf 81' lang='lat' dir='ltr'><strong>Consilium</strong></span> <span class='ocrx_word' id='word_1_6' title='bbox 403 451 505 515; x_wconf 84' lang='lat' dir='ltr'><strong>tacito</strong></span> <span class='ocrx_word' id='word_1_7' title='bbox 520 451 619 516; x_wconf 87' lang='lat' dir='ltr'><strong>corde</strong></span> <span class='ocrx_word' id='word_1_8' title='bbox 633 451 788 516; x_wconf 84' lang='lat' dir='ltr'><strong>damnavi</strong></span> <span class='ocrx_word' id='word_1_9' title='bbox 803 472 911 514; x_wconf 71' lang='lat' dir='ltr'><strong>meum</strong></span> 
     </span>
     <span class='ocr_line' id='line_1_3' title="bbox 209 551 963 636; baseline -0.005 -20"><span class='ocrx_word' id='word_1_10' title='bbox 209 552 300 616; x_wconf 88' lang='lat' dir='ltr'><strong>Nam</strong></span> <span class='ocrx_word' id='word_1_11' title='bbox 311 552 340 615; x_wconf 90' lang='lat' dir='ltr'><strong>si</strong></span> <span class='ocrx_word' id='word_1_12' title='bbox 356 551 432 634; x_wconf 88' lang='lat' dir='ltr'><strong>quis</strong></span> <span class='ocrx_word' id='word_1_13' title='bbox 446 552 522 615; x_wconf 89' lang='lat' dir='ltr'><strong>talis</strong></span> <span class='ocrx_word' id='word_1_14' title='bbox 535 552 632 616; x_wconf 86' lang='lat' dir='ltr'><strong>etiam</strong></span> <span class='ocrx_word' id='word_1_15' title='bbox 648 557 699 616; x_wconf 86' lang='lat' dir='ltr'><strong>est</strong></span> <span class='ocrx_word' id='word_1_16' title='bbox 709 551 799 617; x_wconf 84' lang='lat' dir='ltr'><strong>tituli</strong></span> <span class='ocrx_word' id='word_1_17' title='bbox 809 561 963 636; x_wconf 82' lang='lat' dir='ltr'><strong>appetens,</strong></span> 
     </span>
    </p>
   </div>
   <div class='ocr_carea' id='block_1_3' title="bbox 208 744 1303 814">
    <p class='ocr_par' dir='ltr' id='par_1_3' title="bbox 208 744 1303 814">
     <span class='ocr_line' id='line_1_4' title="bbox 208 744 1303 814; baseline 0.002 -18"><span class='ocrx_word' id='word_1_18' title='bbox 208 747 351 813; x_wconf 68' lang='lat' dir='ltr'><strong>argrimi,</strong></span> <span class='ocrx_word' id='word_1_19' title='bbox 360 747 481 811; x_wconf 71' lang='lat' dir='ltr'><strong><em>repudiavi</em></strong></span> <span class='ocrx_word' id='word_1_20' title='bbox 492 748 564 798; x_wconf 69' lang='lat' dir='ltr'><strong>meite</strong></span> <span class='ocrx_word' id='word_1_21' title='bbox 573 762 648 799; x_wconf 73' lang='lat' dir='ltr'><strong>messe</strong></span> <span class='ocrx_word' id='word_1_22' title='bbox 658 747 786 798; x_wconf 70' lang='lat' dir='ltr'><strong>militet.</strong></span> <span class='ocrx_word' id='word_1_23' title='bbox 804 747 896 797; x_wconf 77' lang='lat' dir='ltr'><strong>Naeusi</strong></span> <span class='ocrx_word' id='word_1_24' title='bbox 908 746 961 814; x_wconf 74' lang='lat' dir='ltr'><strong>qais</strong></span> <span class='ocrx_word' id='word_1_25' title='bbox 970 750 1053 796; x_wconf 66' lang='lat' dir='ltr'><strong>mor</strong></span> <span class='ocrx_word' id='word_1_26' title='bbox 1063 744 1204 812; x_wconf 81' lang='lat' dir='ltr'><strong>taliseperis</strong></span> <span class='ocrx_word' id='word_1_27' title='bbox 1212 754 1303 813; x_wconf 69' lang='lat' dir='ltr'><strong>rugat,</strong></span> 
     </span>
    </p>
   </div>
   <div class='ocr_carea' id='block_1_4' title="bbox 207 985 1302 1246">
    <p class='ocr_par' dir='ltr' id='par_1_4' title="bbox 207 985 1302 1246">
     <span class='ocr_line' id='line_1_5' title="bbox 208 985 1302 1056; baseline 0 -17"><span class='ocrx_word' id='word_1_28' title='bbox 208 1001 269 1039; x_wconf 88' lang='lat' dir='ltr'><strong>cere</strong></span> <span class='ocrx_word' id='word_1_29' title='bbox 280 988 378 1050; x_wconf 86' lang='lat' dir='ltr'><strong>studet,</strong></span> <span class='ocrx_word' id='word_1_30' title='bbox 389 990 513 1038; x_wconf 62' lang='lat' dir='ltr'><strong>tamam</strong></span> <span class='ocrx_word' id='word_1_31' title='bbox 523 990 607 1041; x_wconf 68' lang='lat' dir='ltr'><strong>tam</strong></span> <span class='ocrx_word' id='word_1_32' title='bbox 616 992 736 1042; x_wconf 79' lang='lat' dir='ltr'><strong>Latinum</strong></span> <span class='ocrx_word' id='word_1_33' title='bbox 748 1007 806 1043; x_wconf 87' lang='lat' dir='ltr'><strong>esse</strong></span> <span class='ocrx_word' id='word_1_34' title='bbox 833 990 902 1056; x_wconf 86' lang='lat' dir='ltr'><strong>quod</strong></span> <span class='ocrx_word' id='word_1_35' title='bbox 921 1005 972 1040; x_wconf 92' lang='lat' dir='ltr'><strong>non</strong></span> <span class='ocrx_word' id='word_1_36' title='bbox 983 1005 1016 1041; x_wconf 89' lang='lat' dir='ltr'><strong>ne</strong></span> <span class='ocrx_word' id='word_1_37' title='bbox 1034 1004 1066 1050; x_wconf 68' lang='grc' dir='ltr'><strong>ος</strong></span> <span class='ocrx_word' id='word_1_38' title='bbox 1085 996 1112 1040; x_wconf 87' lang='lat' dir='ltr'><strong>st</strong></span> <span class='ocrx_word' id='word_1_39' title='bbox 1121 985 1174 1040; x_wconf 58' lang='lat' dir='ltr'><strong>‘non</strong></span> <span class='ocrx_word' id='word_1_40' title='bbox 1187 1003 1218 1038; x_wconf 86' lang='lat' dir='ltr'><strong>ea</strong></span> <span class='ocrx_word' id='word_1_41' title='bbox 1228 989 1302 1052; x_wconf 74' lang='lat' dir='ltr'><strong>rigni·</strong></span> 
     </span>
     <span class='ocr_line' id='line_1_6' title="bbox 207 1030 1301 1119; baseline 0 -17"><span class='ocrx_word' id='word_1_42' title='bbox 207 1053 335 1115; x_wconf 84' lang='lat' dir='ltr'><strong>ficatione,</strong></span> <span class='ocrx_word' id='word_1_43' title='bbox 354 1068 405 1118; x_wconf 88' lang='lat' dir='ltr'><strong>qna</strong></span> <span class='ocrx_word' id='word_1_44' title='bbox 426 1053 468 1104; x_wconf 83' lang='lat' dir='ltr'><strong>nic</strong></span> <span class='ocrx_word' id='word_1_45' title='bbox 486 1055 591 1119; x_wconf 70' lang='lat' dir='ltr'><strong>legitur,</strong></span> <span class='ocrx_word' id='word_1_46' title='bbox 613 1070 671 1119; x_wconf 86' lang='lat' dir='ltr'><strong>pro,</strong></span> <span class='ocrx_word' id='word_1_47' title='bbox 691 1056 776 1119; x_wconf 82' lang='lat' dir='ltr'><strong>finire,</strong></span> <span class='ocrx_word' id='word_1_48' title='bbox 797 1030 983 1105; x_wconf 73' lang='lat' dir='ltr'><strong>dnemiscere.</strong></span> <span class='ocrx_word' id='word_1_49' title='bbox 1033 1055 1186 1117; x_wconf 82' lang='lat' dir='ltr'><strong>nexempiis</strong></span> <span class='ocrx_word' id='word_1_50' title='bbox 1198 1054 1301 1115; x_wconf 83' lang='lat' dir='ltr'><strong>enim,s</strong></span> 
     </span>
     <span class='ocr_line' id='line_1_7' title="bbox 209 1116 1300 1183; baseline 0.001 -18"><span class='ocrx_word' id='word_1_51' title='bbox 209 1117 264 1167; x_wconf 80' lang='lat' dir='ltr'><strong>viro</strong></span> <span class='ocrx_word' id='word_1_52' title='bbox 281 1116 357 1166; x_wconf 89' lang='lat' dir='ltr'><strong>docto</strong></span> <span class='ocrx_word' id='word_1_53' title='bbox 380 1117 508 1183; x_wconf 76' lang='lat' dir='ltr'><strong>adductis,</strong></span> <span class='ocrx_word' id='word_1_54' title='bbox 529 1126 558 1167; x_wconf 92' lang='lat' dir='ltr'><strong>nt</strong></span> <span class='ocrx_word' id='word_1_55' title='bbox 578 1117 656 1170; x_wconf 82' lang='lat' dir='ltr'><strong>ovid.</strong></span> <span class='ocrx_word' id='word_1_56' title='bbox 667 1121 737 1170; x_wconf 73' lang='lat' dir='ltr'><strong>snt.</strong></span> <span class='ocrx_word' id='word_1_57' title='bbox 749 1135 768 1169; x_wconf 77' lang='lat' dir='ltr'><strong>t·</strong></span> <span class='ocrx_word' id='word_1_58' title='bbox 784 1121 832 1170; x_wconf 92' lang='lat' dir='ltr'><strong>nlt.</strong></span> <span class='ocrx_word' id='word_1_59' title='bbox 851 1120 921 1170; x_wconf 78' lang='lat' dir='ltr'><strong>Fati.</strong></span> <span class='ocrx_word' id='word_1_60' title='bbox 939 1132 966 1170; x_wconf 82' lang='lat' dir='ltr'><strong>v.</strong></span> <span class='ocrx_word' id='word_1_61' title='bbox 982 1122 1041 1168; x_wconf 71' lang='lat'><strong>6⁰².</strong></span> <span class='ocrx_word' id='word_1_62' title='bbox 1060 1119 1125 1178; x_wconf 87' lang='lat' dir='ltr'><strong>aliis,</strong></span> <span class='ocrx_word' id='word_1_63' title='bbox 1147 1117 1300 1167; x_wconf 83' lang='lat' dir='ltr'><strong>‘terminant</strong></span> 
     </span>
     <span class='ocr_line' id='line_1_8' title="bbox 207 1181 1299 1246; baseline 0 -16"><span class='ocrx_word' id='word_1_64' title='bbox 207 1181 317 1230; x_wconf 85' lang='lat' dir='ltr'><strong>hebere&#39;</strong></span> <span class='ocrx_word' id='word_1_65' title='bbox 335 1189 384 1241; x_wconf 86' lang='lat' dir='ltr'><strong>est,</strong></span> <span class='ocrx_word' id='word_1_66' title='bbox 404 1181 480 1233; x_wconf 83' lang='lat' dir='ltr'><strong>finiri.</strong></span> <span class='ocrx_word' id='word_1_67' title='bbox 513 1182 574 1232; x_wconf 81' lang='lat' dir='ltr'><strong>Alis</strong></span> <span class='ocrx_word' id='word_1_68' title='bbox 585 1197 626 1233; x_wconf 87' lang='lat' dir='ltr'><strong>res</strong></span> <span class='ocrx_word' id='word_1_69' title='bbox 637 1191 717 1245; x_wconf 86' lang='lat' dir='ltr'><strong>esset,</strong></span> <span class='ocrx_word' id='word_1_70' title='bbox 734 1184 756 1235; x_wconf 91' lang='lat' dir='ltr'><strong>sl</strong></span> <span class='ocrx_word' id='word_1_71' title='bbox 766 1184 893 1233; x_wconf 80' lang='lat' dir='ltr'><strong>Phaedrus</strong></span> <span class='ocrx_word' id='word_1_72' title='bbox 904 1183 1060 1246; x_wconf 69' lang='lat' dir='ltr'><strong>scripsisset,</strong></span> <span class='ocrx_word' id='word_1_73' title='bbox 1077 1197 1135 1246; x_wconf 78' lang='lat' dir='ltr'><strong>opas</strong></span> <span class='ocrx_word' id='word_1_74' title='bbox 1152 1181 1239 1232; x_wconf 73' lang='lat' dir='ltr'><strong>lairen</strong></span> <span class='ocrx_word' id='word_1_75' title='bbox 1256 1187 1299 1230; x_wconf 87' lang='lat' dir='ltr'><strong>ter·</strong></span> 
     </span>
    </p>
   </div>
   <div class='ocr_carea' id='block_1_5' title="bbox 107 1245 1300 1309">
    <p class='ocr_par' dir='ltr' id='par_1_5' title="bbox 107 1245 1300 1309">
     <span class='ocr_line' id='line_1_9' title="bbox 107 1245 1300 1309; baseline 0.002 -16"><span class='ocrx_word' id='word_1_76' title='bbox 107 1277 114 1293; x_wconf 85' lang='lat'><strong>.</strong></span> <span class='ocrx_word' id='word_1_77' title='bbox 206 1246 303 1294; x_wconf 70' lang='lat' dir='ltr'><strong>mium.</strong></span> <span class='ocrx_word' id='word_1_78' title='bbox 336 1246 398 1296; x_wconf 81' lang='lat' dir='ltr'><strong>Ant.</strong></span> <span class='ocrx_word' id='word_1_79' title='bbox 410 1247 528 1297; x_wconf 78' lang='lat' dir='ltr'><strong>AEmilios</strong></span> <span class='ocrx_word' id='word_1_80' title='bbox 538 1247 564 1296; x_wconf 87' lang='lat' dir='ltr'><strong>in</strong></span> <span class='ocrx_word' id='word_1_81' title='bbox 575 1261 620 1296; x_wconf 83' lang='lat' dir='ltr'><strong>ora</strong></span> <span class='ocrx_word' id='word_1_82' title='bbox 630 1248 735 1297; x_wconf 86' lang='lat' dir='ltr'><strong>Codicis</strong></span> <span class='ocrx_word' id='word_1_83' title='bbox 746 1254 893 1309; x_wconf 85' lang='lat' dir='ltr'><strong>notaverat,</strong></span> <span class='ocrx_word' id='word_1_84' title='bbox 907 1249 967 1296; x_wconf 73' lang='lat' dir='ltr'><strong>Gaas</strong></span> <span class='ocrx_word' id='word_1_85' title='bbox 984 1245 1300 1296; x_wconf 63' lang='lat' dir='ltr'><strong>testamentalem</strong></span> 
     </span>
    </p>
   </div>
   <div class='ocr_carea' id='block_1_6' title="bbox 126 1309 1301 3807">
    <p class='ocr_par' dir='ltr' id='par_1_6' title="bbox 126 1309 1301 3807">
     <span class='ocr_line' id='line_1_10' title="bbox 208 1309 1301 1376; baseline 0.001 -17"><span class='ocrx_word' id='word_1_86' title='bbox 208 1309 285 1374; x_wconf 78' lang='lat' dir='ltr'><strong>aperis</strong></span> <span class='ocrx_word' id='word_1_87' title='bbox 295 1312 426 1359; x_wconf 62' lang='lat' dir='ltr'><strong>lamisem·</strong></span> <span class='ocrx_word' id='word_1_88' title='bbox 440 1326 464 1359; x_wconf 86' lang='lat' dir='ltr'><strong>v.</strong></span> <span class='ocrx_word' id='word_1_89' title='bbox 472 1313 562 1361; x_wconf 82' lang='lat' dir='ltr'><strong>Burm.</strong></span> <span class='ocrx_word' id='word_1_90' title='bbox 574 1311 807 1372; x_wconf 75' lang='lat' dir='ltr'><strong>Nonnullossacera</strong></span> <span class='ocrx_word' id='word_1_91' title='bbox 817 1311 943 1362; x_wconf 64' lang='lat' dir='ltr'><strong>taminare</strong></span> <span class='ocrx_word' id='word_1_92' title='bbox 953 1311 1053 1376; x_wconf 76' lang='lat' dir='ltr'><strong>legere,</strong></span> <span class='ocrx_word' id='word_1_93' title='bbox 1062 1316 1194 1361; x_wconf 80' lang='lat' dir='ltr'><strong>testantur</strong></span> <span class='ocrx_word' id='word_1_94' title='bbox 1203 1309 1301 1360; x_wconf 82' lang='lat' dir='ltr'><strong>Walelt.</strong></span> 
     </span>
     <span class='ocr_line' id='line_1_11' title="bbox 206 1373 1298 1441; baseline 0.001 -18"><span class='ocrx_word' id='word_1_95' title='bbox 206 1383 233 1423; x_wconf 89' lang='lat' dir='ltr'><strong>et</strong></span> <span class='ocrx_word' id='word_1_96' title='bbox 244 1374 397 1438; x_wconf 74' lang='lat' dir='ltr'><strong>Hoogstrat.</strong></span> <span class='ocrx_word' id='word_1_97' title='bbox 409 1376 476 1440; x_wconf 91' lang='lat' dir='ltr'><strong>quod</strong></span> <span class='ocrx_word' id='word_1_98' title='bbox 487 1374 646 1441; x_wconf 82' lang='lat' dir='ltr'><strong>praeferrem,</strong></span> <span class='ocrx_word' id='word_1_99' title='bbox 655 1376 705 1426; x_wconf 86' lang='lat' dir='ltr'><strong>nisi</strong></span> <span class='ocrx_word' id='word_1_100' title='bbox 721 1381 832 1431; x_wconf 67' lang='lat' dir='ltr'><strong>menum</strong></span> <span class='ocrx_word' id='word_1_101' title='bbox 848 1383 990 1439; x_wconf 79' lang='lat' dir='ltr'><strong>respueret.</strong></span> <span class='ocrx_word' id='word_1_102' title='bbox 1006 1375 1171 1424; x_wconf 87' lang='lat' dir='ltr'><strong>Burmannus</strong></span> <span class='ocrx_word' id='word_1_103' title='bbox 1180 1373 1298 1437; x_wconf 85' lang='lat' dir='ltr'><strong>mirator,</strong></span> 
     </span>
     <span class='ocr_line' id='line_1_12' title="bbox 206 1432 1300 1505; baseline -0.001 -18"><span class='ocrx_word' id='word_1_104' title='bbox 206 1439 333 1488; x_wconf 86' lang='lat' dir='ltr'><strong>neminem</strong></span> <span class='ocrx_word' id='word_1_105' title='bbox 346 1432 484 1503; x_wconf 63' lang='lat' dir='ltr'><strong>reperisse,</strong></span> <span class='ocrx_word' id='word_1_106' title='bbox 495 1444 619 1490; x_wconf 73' lang='lat' dir='ltr'><strong>tenuium</strong></span> <span class='ocrx_word' id='word_1_107' title='bbox 629 1443 696 1505; x_wconf 78' lang='lat' dir='ltr'><strong>operi</strong></span> <span class='ocrx_word' id='word_1_108' title='bbox 711 1454 805 1504; x_wconf 68' lang='lat' dir='ltr'><strong>poam</strong></span> <span class='ocrx_word' id='word_1_109' title='bbox 836 1439 948 1504; x_wconf 84' lang='lat' dir='ltr'><strong>[Possit,</strong></span> <span class='ocrx_word' id='word_1_110' title='bbox 964 1438 986 1488; x_wconf 91' lang='lat' dir='ltr'><strong>si</strong></span> <span class='ocrx_word' id='word_1_111' title='bbox 1009 1439 1066 1503; x_wconf 83' lang='lat' dir='ltr'><strong>quis</strong></span> <span class='ocrx_word' id='word_1_112' title='bbox 1084 1438 1167 1498; x_wconf 80' lang='lat' dir='ltr'><strong>malit,</strong></span> <span class='ocrx_word' id='word_1_113' title='bbox 1187 1438 1239 1488; x_wconf 82' lang='lat' dir='ltr'><strong>ita:</strong></span> <span class='ocrx_word' id='word_1_114' title='bbox 1256 1443 1300 1488; x_wconf 84' lang='lat' dir='ltr'><strong>ter.</strong></span> 
     </span>
     <span class='ocr_line' id='line_1_13' title="bbox 206 1500 1300 1567; baseline -0.002 -15"><span class='ocrx_word' id='word_1_115' title='bbox 206 1516 281 1552; x_wconf 76' lang='lat' dir='ltr'><strong>tusam</strong></span> <span class='ocrx_word' id='word_1_116' title='bbox 292 1503 376 1554; x_wconf 74' lang='lat' dir='ltr'><strong>isaim</strong></span> <span class='ocrx_word' id='word_1_117' title='bbox 443 1536 449 1550; x_wconf 87' lang='lat'><em>·</em></span> <span class='ocrx_word' id='word_1_118' title='bbox 467 1503 624 1567; x_wconf 73' lang='lat' dir='ltr'><strong>Anton.]-t</strong></span> <span class='ocrx_word' id='word_1_119' title='bbox 640 1506 730 1555; x_wconf 72' lang='lat' dir='ltr'><strong>Mensa</strong></span> <span class='ocrx_word' id='word_1_120' title='bbox 747 1505 814 1555; x_wconf 84' lang='lat' dir='ltr'><strong>Haec</strong></span> <span class='ocrx_word' id='word_1_121' title='bbox 826 1518 875 1553; x_wconf 82' lang='lat' dir='ltr'><strong>voa</strong></span> <span class='ocrx_word' id='word_1_122' title='bbox 887 1503 961 1554; x_wconf 84' lang='lat' dir='ltr'><strong>deest</strong></span> <span class='ocrx_word' id='word_1_123' title='bbox 977 1503 1005 1551; x_wconf 89' lang='lat' dir='ltr'><strong>in</strong></span> <span class='ocrx_word' id='word_1_124' title='bbox 1023 1503 1096 1552; x_wconf 86' lang='lat' dir='ltr'><strong>libris</strong></span> <span class='ocrx_word' id='word_1_125' title='bbox 1109 1500 1226 1565; x_wconf 84' lang='lat' dir='ltr'><strong>scriptis,</strong></span> <span class='ocrx_word' id='word_1_126' title='bbox 1241 1515 1300 1551; x_wconf 90' lang='lat' dir='ltr'><strong>nec·</strong></span> 
     </span>
     <span class='ocr_line' id='line_1_14' title="bbox 207 1519 1300 1684; baseline 0.001 -5"><span class='ocrx_word' id='word_1_127' title='bbox 207 1519 818 1684; x_wconf 46' lang='lat' dir='ltr'><strong>attilii{iniustitiis“i</strong></span> <span class='ocrx_word' id='word_1_128' title='bbox 828 1565 1300 1682; x_wconf 64' lang='lat' dir='ltr'><strong>ltl‘tit‘tt‘lt‘lti¹&#39;¹¹¹¹tlt</strong></span> 
     </span>
     <span class='ocr_line' id='line_1_15' title="bbox 204 1644 1299 1760; baseline 0.002 -18"><span class='ocrx_word' id='word_1_129' title='bbox 204 1694 251 1745; x_wconf 88' lang='lat' dir='ltr'><strong>lib.</strong></span> <span class='ocrx_word' id='word_1_130' title='bbox 260 1708 291 1743; x_wconf 86' lang='grc' dir='ltr'><strong>ιι.</strong></span> <span class='ocrx_word' id='word_1_131' title='bbox 302 1698 343 1744; x_wconf 74' lang='lat'><strong>2³.</strong></span> <span class='ocrx_word' id='word_1_132' title='bbox 354 1702 381 1744; x_wconf 90' lang='lat' dir='ltr'><strong>et</strong></span> <span class='ocrx_word' id='word_1_133' title='bbox 394 1697 457 1746; x_wconf 87' lang='lat' dir='ltr'><strong>Not.</strong></span> <span class='ocrx_word' id='word_1_134' title='bbox 467 1697 538 1746; x_wconf 81' lang='lat' dir='ltr'><strong>Gnd.</strong></span> <span class='ocrx_word' id='word_1_135' title='bbox 549 1697 664 1748; x_wconf 84' lang='lat' dir='ltr'><strong>Gronov.</strong></span> <span class='ocrx_word' id='word_1_136' title='bbox 676 1704 705 1747; x_wconf 88' lang='lat' dir='ltr'><strong>et</strong></span> <span class='ocrx_word' id='word_1_137' title='bbox 714 1698 803 1747; x_wconf 91' lang='lat' dir='ltr'><strong>Burm.</strong></span> <span class='ocrx_word' id='word_1_138' title='bbox 813 1696 882 1760; x_wconf 79' lang='lat' dir='ltr'><strong>priter</strong></span> <span class='ocrx_word' id='word_1_139' title='bbox 892 1695 1040 1760; x_wconf 83' lang='lat' dir='ltr'><strong>conjiciunt.</strong></span> <span class='ocrx_word' id='word_1_140' title='bbox 1064 1644 1299 1759; x_wconf 53' lang='lat' dir='ltr'><strong>Bentleiffststiss,</strong></span> 
     </span>
     <span class='ocr_line' id='line_1_16' title="bbox 207 1757 1299 1834; baseline 0.003 -28"><span class='ocrx_word' id='word_1_141' title='bbox 207 1757 275 1834; x_wconf 75' lang='lat' dir='ltr'><strong>quod</strong></span> <span class='ocrx_word' id='word_1_142' title='bbox 286 1758 435 1808; x_wconf 87' lang='lat' dir='ltr'><strong>Burmanno</strong></span> <span class='ocrx_word' id='word_1_143' title='bbox 446 1773 497 1808; x_wconf 90' lang='lat' dir='ltr'><strong>non</strong></span> <span class='ocrx_word' id='word_1_144' title='bbox 509 1768 550 1809; x_wconf 87' lang='lat' dir='ltr'><strong>est</strong></span> <span class='ocrx_word' id='word_1_145' title='bbox 561 1761 722 1821; x_wconf 66' lang='lat' dir='ltr'><strong>verosimile,</strong></span> <span class='ocrx_word' id='word_1_146' title='bbox 739 1774 789 1810; x_wconf 90' lang='lat' dir='ltr'><strong>non</strong></span> <span class='ocrx_word' id='word_1_147' title='bbox 801 1761 868 1809; x_wconf 90' lang='lat' dir='ltr'><strong>enim</strong></span> <span class='ocrx_word' id='word_1_148' title='bbox 880 1759 985 1825; x_wconf 85' lang='lat' dir='ltr'><strong>probari</strong></span> <span class='ocrx_word' id='word_1_149' title='bbox 997 1767 1095 1823; x_wconf 86' lang='lat' dir='ltr'><strong>potest,</strong></span> <span class='ocrx_word' id='word_1_150' title='bbox 1107 1773 1159 1810; x_wconf 90' lang='lat' dir='ltr'><strong>non</strong></span> <span class='ocrx_word' id='word_1_151' title='bbox 1174 1760 1299 1810; x_wconf 84' lang='lat' dir='ltr'><strong>interces-</strong></span> 
     </span>
     <span class='ocr_line' id='line_1_17' title="bbox 205 1822 1298 1889; baseline 0.001 -19"><span class='ocrx_word' id='word_1_152' title='bbox 205 1835 268 1871; x_wconf 85' lang='lat' dir='ltr'><strong>stsse</strong></span> <span class='ocrx_word' id='word_1_153' title='bbox 279 1822 441 1871; x_wconf 85' lang='lat' dir='ltr'><strong>intervallum</strong></span> <span class='ocrx_word' id='word_1_154' title='bbox 453 1822 555 1887; x_wconf 80' lang='lat' dir='ltr'><strong>aliquod</strong></span> <span class='ocrx_word' id='word_1_155' title='bbox 573 1830 712 1888; x_wconf 85' lang='lat' dir='ltr'><strong>antequam</strong></span> <span class='ocrx_word' id='word_1_156' title='bbox 728 1831 843 1874; x_wconf 84' lang='lat' dir='ltr'><strong>mutaret</strong></span> <span class='ocrx_word' id='word_1_157' title='bbox 864 1824 1037 1885; x_wconf 70' lang='lat' dir='ltr'><strong>sententiam</strong></span> <span class='ocrx_word' id='word_1_158' title='bbox 1053 1825 1145 1875; x_wconf 89' lang='lat' dir='ltr'><strong>melius</strong></span> <span class='ocrx_word' id='word_1_159' title='bbox 1164 1832 1298 1889; x_wconf 80' lang='lat' dir='ltr'><strong>postquam</strong></span> 
     </span>
     <span class='ocr_line' id='line_1_18' title="bbox 200 1885 1297 1954; baseline 0 -21"><span class='ocrx_word' id='word_1_160' title='bbox 200 1885 256 1947; x_wconf 85' lang='lat' dir='ltr'><strong>jam</strong></span> <span class='ocrx_word' id='word_1_161' title='bbox 269 1885 432 1948; x_wconf 70' lang='lat' dir='ltr'><strong>destinasset,</strong></span> <span class='ocrx_word' id='word_1_162' title='bbox 445 1896 557 1936; x_wconf 80' lang='lat' dir='ltr'><strong>motasse</strong></span> <span class='ocrx_word' id='word_1_163' title='bbox 567 1888 676 1938; x_wconf 80' lang='lat' dir='ltr'><strong>deberet</strong></span> <span class='ocrx_word' id='word_1_164' title='bbox 687 1889 768 1938; x_wconf 90' lang='lat' dir='ltr'><strong>credi.</strong></span> <span class='ocrx_word' id='word_1_165' title='bbox 786 1889 873 1953; x_wconf 70' lang='lat' dir='ltr'><strong>[uem</strong></span> <span class='ocrx_word' id='word_1_166' title='bbox 883 1888 969 1938; x_wconf 88' lang='lat' dir='ltr'><strong>malim</strong></span> <span class='ocrx_word' id='word_1_167' title='bbox 981 1901 1057 1952; x_wconf 83' lang='lat' dir='ltr'><strong>quam</strong></span> <span class='ocrx_word' id='word_1_168' title='bbox 1072 1890 1140 1954; x_wconf 73' lang='lat' dir='ltr'><strong>petas</strong></span> <span class='ocrx_word' id='word_1_169' title='bbox 1155 1887 1197 1937; x_wconf 82' lang='lat' dir='ltr'><strong>vei</strong></span> <span class='ocrx_word' id='word_1_170' title='bbox 1207 1885 1297 1935; x_wconf 69' lang='lat' dir='ltr'><strong>datin.</strong></span> 
     </span>
     <span class='ocr_line' id='line_1_19' title="bbox 204 1948 1298 2015; baseline 0.001 -18"><span class='ocrx_word' id='word_1_171' title='bbox 204 1948 362 2011; x_wconf 79' lang='lat' dir='ltr'><strong>Antou.]-·l</strong></span> <span class='ocrx_word' id='word_1_172' title='bbox 381 1952 454 2001; x_wconf 71' lang='lat' dir='ltr'><strong>litata·</strong></span> <span class='ocrx_word' id='word_1_173' title='bbox 464 1956 582 2015; x_wconf 77' lang='lat' dir='ltr'><strong>appetens.</strong></span> <span class='ocrx_word' id='word_1_174' title='bbox 615 1952 698 2002; x_wconf 79' lang='lat' dir='ltr'><strong>Locus</strong></span> <span class='ocrx_word' id='word_1_175' title='bbox 710 1953 863 2002; x_wconf 84' lang='lat' dir='ltr'><strong>mendosus!</strong></span> <span class='ocrx_word' id='word_1_176' title='bbox 899 1952 930 2000; x_wconf 89' lang='lat' dir='ltr'><strong>ln</strong></span> <span class='ocrx_word' id='word_1_177' title='bbox 942 1952 1007 2003; x_wconf 82' lang='lat' dir='ltr'><strong>Mas.</strong></span> <span class='ocrx_word' id='word_1_178' title='bbox 1019 1953 1089 2002; x_wconf 83' lang='lat' dir='ltr'><strong>Pith.</strong></span> <span class='ocrx_word' id='word_1_179' title='bbox 1102 1952 1175 2000; x_wconf 84' lang='lat' dir='ltr'><strong>Rem.</strong></span> <span class='ocrx_word' id='word_1_180' title='bbox 1186 1949 1298 2013; x_wconf 72' lang='lat' dir='ltr'><strong>legitur:</strong></span> 
     </span>
     <span class='ocr_line' id='line_1_20' title="bbox 205 2012 1298 2077; baseline 0 -16"><span class='ocrx_word' id='word_1_181' title='bbox 205 2013 270 2062; x_wconf 76' lang='lat' dir='ltr'><strong>Naar</strong></span> <span class='ocrx_word' id='word_1_182' title='bbox 280 2016 302 2062; x_wconf 85' lang='lat' dir='ltr'><strong>si</strong></span> <span class='ocrx_word' id='word_1_183' title='bbox 312 2014 364 2077; x_wconf 79' lang='lat' dir='ltr'><strong>quis</strong></span> <span class='ocrx_word' id='word_1_184' title='bbox 374 2016 430 2064; x_wconf 83' lang='lat' dir='ltr'><strong>talis</strong></span> <span class='ocrx_word' id='word_1_185' title='bbox 439 2016 510 2064; x_wconf 68' lang='grc' dir='ltr'><strong>αιἀηι</strong></span> <span class='ocrx_word' id='word_1_186' title='bbox 522 2021 557 2065; x_wconf 83' lang='lat' dir='ltr'><strong>est</strong></span> <span class='ocrx_word' id='word_1_187' title='bbox 567 2016 658 2067; x_wconf 76' lang='lat' dir='ltr'><strong>titali...</strong></span> <span class='ocrx_word' id='word_1_188' title='bbox 669 2015 721 2066; x_wconf 84' lang='lat' dir='ltr'><strong>Sed</strong></span> <span class='ocrx_word' id='word_1_189' title='bbox 731 2031 789 2067; x_wconf 85' lang='lat' dir='ltr'><strong>enm</strong></span> <span class='ocrx_word' id='word_1_190' title='bbox 801 2030 890 2066; x_wconf 83' lang='lat' dir='ltr'><strong>versus</strong></span> <span class='ocrx_word' id='word_1_191' title='bbox 901 2016 938 2066; x_wconf 81' lang='lat' dir='ltr'><strong>ita</strong></span> <span class='ocrx_word' id='word_1_192' title='bbox 949 2023 1018 2066; x_wconf 87' lang='lat' dir='ltr'><strong>esset</strong></span> <span class='ocrx_word' id='word_1_193' title='bbox 1028 2015 1117 2065; x_wconf 87' lang='lat' dir='ltr'><strong>ultimo</strong></span> <span class='ocrx_word' id='word_1_194' title='bbox 1127 2012 1196 2077; x_wconf 86' lang='lat' dir='ltr'><strong>pede</strong></span> <span class='ocrx_word' id='word_1_195' title='bbox 1207 2014 1298 2076; x_wconf 84' lang='lat' dir='ltr'><strong>minor,</strong></span> 
     </span>
     <span class='ocr_line' id='line_1_21' title="bbox 204 2076 1298 2145; baseline 0.003 -20"><span class='ocrx_word' id='word_1_196' title='bbox 204 2076 360 2129; x_wconf 81' lang='lat' dir='ltr'><strong>Freinshcm.</strong></span> <span class='ocrx_word' id='word_1_197' title='bbox 369 2079 520 2129; x_wconf 80' lang='lat' dir='ltr'><strong>emendavit</strong></span> <span class='ocrx_word' id='word_1_198' title='bbox 529 2080 596 2130; x_wconf 80' lang='lat' dir='ltr'><strong>tituli</strong></span> <span class='ocrx_word' id='word_1_199' title='bbox 605 2085 722 2145; x_wconf 81' lang='lat' dir='ltr'><strong>appeteres.</strong></span> <span class='ocrx_word' id='word_1_200' title='bbox 755 2082 799 2131; x_wconf 77' lang='lat' dir='ltr'><strong>Sic</strong></span> <span class='ocrx_word' id='word_1_201' title='bbox 811 2087 839 2130; x_wconf 91' lang='lat' dir='ltr'><strong>et</strong></span> <span class='ocrx_word' id='word_1_202' title='bbox 851 2078 914 2129; x_wconf 80' lang='lat' dir='ltr'><strong>Ant·</strong></span> <span class='ocrx_word' id='word_1_203' title='bbox 924 2079 1039 2130; x_wconf 82' lang='lat' dir='ltr'><strong>AEmilius</strong></span> <span class='ocrx_word' id='word_1_204' title='bbox 1050 2079 1075 2127; x_wconf 88' lang='lat' dir='ltr'><strong>iu</strong></span> <span class='ocrx_word' id='word_1_205' title='bbox 1093 2092 1139 2127; x_wconf 84' lang='lat' dir='ltr'><strong>ors</strong></span> <span class='ocrx_word' id='word_1_206' title='bbox 1150 2077 1248 2127; x_wconf 88' lang='lat' dir='ltr'><strong>codicis</strong></span> <span class='ocrx_word' id='word_1_207' title='bbox 1258 2077 1298 2128; x_wconf 84' lang='lat' dir='ltr'><strong>sni</strong></span> 
     </span>
     <span class='ocr_line' id='line_1_22' title="bbox 203 2142 1298 2209; baseline 0.001 -19"><span class='ocrx_word' id='word_1_208' title='bbox 203 2142 350 2206; x_wconf 74' lang='lat' dir='ltr'><strong>castigavit,</strong></span> <span class='ocrx_word' id='word_1_209' title='bbox 360 2151 426 2193; x_wconf 89' lang='lat' dir='ltr'><strong>teste</strong></span> <span class='ocrx_word' id='word_1_210' title='bbox 436 2144 600 2205; x_wconf 77' lang='lat' dir='ltr'><strong>Burmann03</strong></span> <span class='ocrx_word' id='word_1_211' title='bbox 617 2158 675 2209; x_wconf 85' lang='lat' dir='ltr'><strong>qnae</strong></span> <span class='ocrx_word' id='word_1_212' title='bbox 686 2144 764 2195; x_wconf 82' lang='lat' dir='ltr'><strong>lectio</strong></span> <span class='ocrx_word' id='word_1_213' title='bbox 774 2144 862 2194; x_wconf 85' lang='lat' dir='ltr'><strong>multis</strong></span> <span class='ocrx_word' id='word_1_214' title='bbox 879 2152 952 2194; x_wconf 88' lang='lat' dir='ltr'><strong>recte</strong></span> <span class='ocrx_word' id='word_1_215' title='bbox 963 2143 1069 2207; x_wconf 79' lang='lat' dir='ltr'><strong>placuit,</strong></span> <span class='ocrx_word' id='word_1_216' title='bbox 1090 2150 1198 2206; x_wconf 83' lang='lat' dir='ltr'><strong>recepta</strong></span> <span class='ocrx_word' id='word_1_217' title='bbox 1210 2156 1226 2191; x_wconf 83' lang='lat' dir='ltr'><strong>s</strong></span> <span class='ocrx_word' id='word_1_218' title='bbox 1237 2142 1298 2192; x_wconf 76' lang='lat' dir='ltr'><strong>tta·</strong></span> 
     </span>
     <span class='ocr_line' id='line_1_23' title="bbox 203 2204 1298 2271; baseline 0.002 -18"><span class='ocrx_word' id='word_1_219' title='bbox 203 2204 277 2268; x_wconf 86' lang='lat' dir='ltr'><strong>bero,</strong></span> <span class='ocrx_word' id='word_1_220' title='bbox 286 2207 417 2271; x_wconf 83' lang='lat' dir='ltr'><strong>Richtero,</strong></span> <span class='ocrx_word' id='word_1_221' title='bbox 441 2206 549 2258; x_wconf 78' lang='lat' dir='ltr'><strong>Derbiil.</strong></span> <span class='ocrx_word' id='word_1_222' title='bbox 561 2209 626 2258; x_wconf 83' lang='lat' dir='ltr'><strong>aliis.</strong></span> <span class='ocrx_word' id='word_1_223' title='bbox 660 2209 763 2258; x_wconf 86' lang='lat' dir='ltr'><strong>Etenim</strong></span> <span class='ocrx_word' id='word_1_224' title='bbox 774 2215 815 2258; x_wconf 91' lang='lat' dir='ltr'><strong>est</strong></span> <span class='ocrx_word' id='word_1_225' title='bbox 832 2207 866 2257; x_wconf 90' lang='lat' dir='ltr'><strong>ad</strong></span> <span class='ocrx_word' id='word_1_226' title='bbox 878 2222 978 2257; x_wconf 83' lang='lat' dir='ltr'><strong>sensnm</strong></span> <span class='ocrx_word' id='word_1_227' title='bbox 989 2214 1062 2271; x_wconf 80' lang='lat' dir='ltr'><strong>apta,</strong></span> <span class='ocrx_word' id='word_1_228' title='bbox 1079 2206 1163 2256; x_wconf 87' lang='lat' dir='ltr'><strong>cidem</strong></span> <span class='ocrx_word' id='word_1_229' title='bbox 1183 2218 1215 2256; x_wconf 89' lang='lat' dir='ltr'><strong>ne</strong></span> <span class='ocrx_word' id='word_1_230' title='bbox 1225 2204 1298 2255; x_wconf 80' lang='lat' dir='ltr'><strong>fauet</strong></span> 
     </span>
     <span class='ocr_line' id='line_1_24' title="bbox 202 2267 1296 2336; baseline 0 -18"><span class='ocrx_word' id='word_1_231' title='bbox 202 2267 260 2318; x_wconf 78' lang='lat' dir='ltr'><strong>Liv-</strong></span> <span class='ocrx_word' id='word_1_232' title='bbox 271 2274 360 2321; x_wconf 59' lang='lat' dir='ltr'><strong>rust</strong></span> <span class='ocrx_word' id='word_1_233' title='bbox 376 2272 492 2321; x_wconf 75' lang='lat' dir='ltr'><strong>‘naualis</strong></span> <span class='ocrx_word' id='word_1_234' title='bbox 503 2272 619 2323; x_wconf 78' lang='lat' dir='ltr'><strong>uictoriae</strong></span> <span class='ocrx_word' id='word_1_235' title='bbox 637 2287 730 2322; x_wconf 83' lang='lat' dir='ltr'><strong>vanum</strong></span> <span class='ocrx_word' id='word_1_236' title='bbox 751 2272 855 2323; x_wconf 88' lang='lat' dir='ltr'><strong>titulum</strong></span> <span class='ocrx_word' id='word_1_237' title='bbox 875 2270 1044 2336; x_wconf 59' lang='lat' dir='ltr'><strong>appetivere?</strong></span> <span class='ocrx_word' id='word_1_238' title='bbox 1069 2269 1111 2319; x_wconf 87' lang='lat' dir='ltr'><strong>cni</strong></span> <span class='ocrx_word' id='word_1_239' title='bbox 1131 2268 1165 2318; x_wconf 83' lang='lat' dir='ltr'><strong>ad</strong></span> <span class='ocrx_word' id='word_1_240' title='bbox 1184 2285 1199 2320; x_wconf 87' lang='lat' dir='ltr'><strong>s</strong></span> <span class='ocrx_word' id='word_1_241' title='bbox 1218 2268 1296 2319; x_wconf 74' lang='lat' dir='ltr'><strong>Ouid.</strong></span> 
     </span>
     <span class='ocr_line' id='line_1_25' title="bbox 203 2324 1298 2400; baseline 0.001 -18"><span class='ocrx_word' id='word_1_242' title='bbox 203 2331 262 2383; x_wconf 81' lang='lat' dir='ltr'><strong>Art.</strong></span> <span class='ocrx_word' id='word_1_243' title='bbox 276 2348 296 2382; x_wconf 89' lang='lat' dir='ltr'><strong>t.</strong></span> <span class='ocrx_word' id='word_1_244' title='bbox 308 2338 363 2384; x_wconf 76' lang='lat'><strong>692.</strong></span> <span class='ocrx_word' id='word_1_245' title='bbox 396 2324 526 2386; x_wconf 79' lang='lat' dir='ltr'><strong>Permulti</strong></span> <span class='ocrx_word' id='word_1_246' title='bbox 546 2351 608 2386; x_wconf 80' lang='lat' dir='ltr'><strong>sero</strong></span> <span class='ocrx_word' id='word_1_247' title='bbox 629 2350 686 2386; x_wconf 86' lang='lat' dir='ltr'><strong>eum</strong></span> <span class='ocrx_word' id='word_1_248' title='bbox 706 2337 821 2400; x_wconf 73' lang='lat' dir='ltr'><strong>Rigaitio</strong></span> <span class='ocrx_word' id='word_1_249' title='bbox 838 2337 927 2400; x_wconf 79' lang='lat' dir='ltr'><strong>legere</strong></span> <span class='ocrx_word' id='word_1_250' title='bbox 937 2335 1091 2395; x_wconf 83' lang='lat' dir='ltr'><strong>maluerunt,</strong></span> <span class='ocrx_word' id='word_1_251' title='bbox 1108 2333 1176 2382; x_wconf 75' lang='lat' dir='ltr'><strong>titali</strong></span> <span class='ocrx_word' id='word_1_252' title='bbox 1196 2333 1298 2398; x_wconf 62' lang='grc' dir='ltr'><strong><em>σενα,</em></strong></span> 
     </span>
     <span class='ocr_line' id='line_1_26' title="bbox 203 2397 1298 2463; baseline 0.003 -17"><span class='ocrx_word' id='word_1_253' title='bbox 203 2397 271 2462; x_wconf 88' lang='lat' dir='ltr'><strong>qnod</strong></span> <span class='ocrx_word' id='word_1_254' title='bbox 284 2413 333 2448; x_wconf 87' lang='lat' dir='ltr'><strong>uon</strong></span> <span class='ocrx_word' id='word_1_255' title='bbox 343 2397 422 2450; x_wconf 85' lang='lat' dir='ltr'><strong>liabet</strong></span> <span class='ocrx_word' id='word_1_256' title='bbox 433 2414 535 2451; x_wconf 86' lang='lat' dir='ltr'><strong>sensnm</strong></span> <span class='ocrx_word' id='word_1_257' title='bbox 544 2400 717 2463; x_wconf 83' lang='lat' dir='ltr'><strong>commodum,</strong></span> <span class='ocrx_word' id='word_1_258' title='bbox 733 2415 791 2451; x_wconf 83' lang='lat' dir='ltr'><strong>cum</strong></span> <span class='ocrx_word' id='word_1_259' title='bbox 811 2401 849 2450; x_wconf 84' lang='lat' dir='ltr'><strong>sic</strong></span> <span class='ocrx_word' id='word_1_260' title='bbox 869 2400 952 2449; x_wconf 64' lang='lat' dir='ltr'><strong>&amp;sier</strong></span> <span class='ocrx_word' id='word_1_261' title='bbox 963 2397 1116 2462; x_wconf 84' lang='lat' dir='ltr'><strong>capiendum</strong></span> <span class='ocrx_word' id='word_1_262' title='bbox 1127 2397 1164 2447; x_wconf 90' lang='lat' dir='ltr'><strong>sit</strong></span> <span class='ocrx_word' id='word_1_263' title='bbox 1183 2411 1242 2463; x_wconf 91' lang='lat' dir='ltr'><strong>pro,</strong></span> <span class='ocrx_word' id='word_1_264' title='bbox 1261 2398 1298 2449; x_wconf 87' lang='lat' dir='ltr'><strong>iu·</strong></span> 
     </span>
     <span class='ocr_line' id='line_1_27' title="bbox 202 2461 1298 2593; baseline 0.003 -18"><span class='ocrx_word' id='word_1_265' title='bbox 202 2462 1068 2593; x_wconf 52' lang='lat' dir='ltr'><strong>tltl⁰¹¹t0llltzl¹¹lmlittle?,tti&#39;alll&#39;l</strong></span> <span class='ocrx_word' id='word_1_266' title='bbox 1079 2461 1185 2575; x_wconf 58' lang='lat' dir='ltr'><strong>iiii·</strong></span> <span class='ocrx_word' id='word_1_267' title='bbox 1198 2463 1298 2578; x_wconf 56' lang='grc' dir='ltr'>Ἢ</span> 
     </span>
     <span class='ocr_line' id='line_1_28' title="bbox 202 2565 1297 2655; baseline 0.004 -17"><span class='ocrx_word' id='word_1_268' title='bbox 202 2590 317 2639; x_wconf 79' lang='lat' dir='ltr'><strong>Gronov.</strong></span> <span class='ocrx_word' id='word_1_269' title='bbox 329 2599 356 2640; x_wconf 89' lang='lat' dir='ltr'><strong>et</strong></span> <span class='ocrx_word' id='word_1_270' title='bbox 367 2592 455 2640; x_wconf 88' lang='lat' dir='ltr'><strong>Ursin.</strong></span> <span class='ocrx_word' id='word_1_271' title='bbox 467 2565 651 2643; x_wconf 66' lang='lat' dir='ltr'><strong>malleut&#39;tituir&#39;</strong></span> <span class='ocrx_word' id='word_1_272' title='bbox 661 2596 753 2653; x_wconf 59' lang='lat' dir='ltr'><strong>armas,</strong></span> <span class='ocrx_word' id='word_1_273' title='bbox 772 2593 789 2642; x_wconf 89' lang='lat' dir='ltr'><strong>i.</strong></span> <span class='ocrx_word' id='word_1_274' title='bbox 801 2607 825 2642; x_wconf 87' lang='lat' dir='ltr'><strong>e.</strong></span> <span class='ocrx_word' id='word_1_275' title='bbox 837 2592 955 2655; x_wconf 82' lang='lat' dir='ltr'><strong>ejusdem</strong></span> <span class='ocrx_word' id='word_1_276' title='bbox 966 2591 1061 2651; x_wconf 84' lang='lat' dir='ltr'><strong>laudis,</strong></span> <span class='ocrx_word' id='word_1_277' title='bbox 1071 2604 1166 2654; x_wconf 82' lang='lat' dir='ltr'><strong>nempe</strong></span> <span class='ocrx_word' id='word_1_278' title='bbox 1177 2603 1192 2638; x_wconf 91' lang='lat' dir='ltr'><strong>e</strong></span> <span class='ocrx_word' id='word_1_279' title='bbox 1203 2588 1297 2643; x_wconf 80' lang='lat' dir='ltr'><strong>fabalis</strong></span> 
     </span>
     <span class='ocr_line' id='line_1_29' title="bbox 200 2653 1297 2734; baseline 0.001 -33"><span class='ocrx_word' id='word_1_280' title='bbox 200 2653 350 2715; x_wconf 85' lang='lat' dir='ltr'><strong>scribendis,</strong></span> <span class='ocrx_word' id='word_1_281' title='bbox 361 2655 484 2718; x_wconf 87' lang='lat' dir='ltr'><strong>cupidus:</strong></span> <span class='ocrx_word' id='word_1_282' title='bbox 495 2672 556 2731; x_wconf 61' lang='lat' dir='ltr'><strong>unse</strong></span> <span class='ocrx_word' id='word_1_283' title='bbox 568 2657 710 2734; x_wconf 71' lang='lat' dir='ltr'><strong>lectiones</strong></span> <span class='ocrx_word' id='word_1_284' title='bbox 719 2657 840 2721; x_wconf 87' lang='lat' dir='ltr'><strong>displicet</strong></span> <span class='ocrx_word' id='word_1_285' title='bbox 851 2655 995 2732; x_wconf 76' lang='lat' dir='ltr'><strong>Ourering.</strong></span> <span class='ocrx_word' id='word_1_286' title='bbox 1007 2663 1034 2704; x_wconf 91' lang='lat' dir='ltr'><strong>et</strong></span> <span class='ocrx_word' id='word_1_287' title='bbox 1044 2655 1118 2703; x_wconf 86' lang='lat' dir='ltr'><strong>Brut.</strong></span> <span class='ocrx_word' id='word_1_288' title='bbox 1134 2655 1297 2730; x_wconf 55' lang='lat' dir='ltr'><strong>parmaneat</strong></span> 
     </span>
     <span class='ocr_line' id='line_1_30' title="bbox 126 2716 1297 2859; baseline 0.003 -32"><span class='ocrx_word' id='word_1_289' title='bbox 126 2836 132 2850; x_wconf 58' lang='grc'><strong><em>,</em></strong></span> <span class='ocrx_word' id='word_1_290' title='bbox 200 2716 1297 2859; x_wconf 54' lang='lat' dir='ltr'><strong>ttlssiiiittttttltz,lt,ttttttl‘t‘i„wtiztlrttimmltlfftfa</strong></span> 
     </span>
     <span class='ocr_line' id='line_1_31' title="bbox 201 2842 1297 2910; baseline 0.002 -19"><span class='ocrx_word' id='word_1_291' title='bbox 201 2842 323 2891; x_wconf 85' lang='lat' dir='ltr'><strong>observat</strong></span> <span class='ocrx_word' id='word_1_292' title='bbox 334 2845 473 2895; x_wconf 84' lang='lat' dir='ltr'><strong>Bnnnnun.</strong></span> <span class='ocrx_word' id='word_1_293' title='bbox 485 2852 624 2907; x_wconf 87' lang='lat' dir='ltr'><strong>suppetere</strong></span> <span class='ocrx_word' id='word_1_294' title='bbox 636 2846 740 2909; x_wconf 80' lang='lat' dir='ltr'><strong>quadem</strong></span> <span class='ocrx_word' id='word_1_295' title='bbox 752 2847 882 2909; x_wconf 86' lang='lat' dir='ltr'><strong>exempla,</strong></span> <span class='ocrx_word' id='word_1_296' title='bbox 899 2846 992 2910; x_wconf 79' lang='lat' dir='ltr'><strong>quibus</strong></span> <span class='ocrx_word' id='word_1_297' title='bbox 1002 2845 1104 2906; x_wconf 66' lang='lat' dir='ltr'><strong>diligens</strong></span> <span class='ocrx_word' id='word_1_298' title='bbox 1113 2844 1183 2905; x_wconf 68' lang='lat' dir='ltr'><strong>anis,</strong></span> <span class='ocrx_word' id='word_1_299' title='bbox 1192 2852 1221 2893; x_wconf 91' lang='lat' dir='ltr'><strong>et</strong></span> <span class='ocrx_word' id='word_1_300' title='bbox 1231 2845 1297 2893; x_wconf 80' lang='lat' dir='ltr'><strong>sisti·</strong></span> 
     </span>
     <span class='ocr_line' id='line_1_32' title="bbox 200 2906 1297 2978; baseline 0.003 -24"><span class='ocrx_word' id='word_1_301' title='bbox 200 2906 389 2978; x_wconf 61' lang='lat' dir='ltr'><strong>liunudicatnr,</strong></span> <span class='ocrx_word' id='word_1_302' title='bbox 398 2922 455 2972; x_wconf 74' lang='lat' dir='ltr'><strong>qnae</strong></span> <span class='ocrx_word' id='word_1_303' title='bbox 466 2908 581 2973; x_wconf 87' lang='lat' dir='ltr'><strong>qnotidie</strong></span> <span class='ocrx_word' id='word_1_304' title='bbox 592 2909 649 2972; x_wconf 91' lang='lat' dir='ltr'><strong>quis</strong></span> <span class='ocrx_word' id='word_1_305' title='bbox 658 2910 798 2974; x_wconf 74' lang='lat' dir='ltr'><strong>diligenter</strong></span> <span class='ocrx_word' id='word_1_306' title='bbox 808 2918 926 2970; x_wconf 81' lang='lat' dir='ltr'><strong>exercet,</strong></span> <span class='ocrx_word' id='word_1_307' title='bbox 937 2916 967 2958; x_wconf 91' lang='lat' dir='ltr'><strong>ut</strong></span> <span class='ocrx_word' id='word_1_308' title='bbox 978 2911 985 2937; x_wconf 77' lang='lat'>⁸</span> <span class='ocrx_word' id='word_1_309' title='bbox 995 2908 1106 2973; x_wconf 72' lang='lat' dir='ltr'><strong>diligens</strong></span> <span class='ocrx_word' id='word_1_310' title='bbox 1118 2907 1297 2972; x_wconf 78' lang='lat' dir='ltr'><strong>antiquitstta⁹</strong></span> 
     </span>
     <span class='ocr_line' id='line_1_33' title="bbox 200 2971 1297 3038; baseline 0.002 -19"><span class='ocrx_word' id='word_1_311' title='bbox 200 2971 269 3034; x_wconf 80' lang='lat' dir='ltr'><strong>apud</strong></span> <span class='ocrx_word' id='word_1_312' title='bbox 280 2972 340 3021; x_wconf 81' lang='lat' dir='ltr'><strong>sen.</strong></span> <span class='ocrx_word' id='word_1_313' title='bbox 354 2971 387 3021; x_wconf 86' lang='lat' dir='ltr'><strong>N·</strong></span> <span class='ocrx_word' id='word_1_314' title='bbox 400 2973 432 3022; x_wconf 84' lang='lat' dir='ltr'><strong>Q.</strong></span> <span class='ocrx_word' id='word_1_315' title='bbox 445 2986 482 3021; x_wconf 87' lang='lat' dir='ltr'><strong>vt.</strong></span> <span class='ocrx_word' id='word_1_316' title='bbox 497 2977 534 3022; x_wconf 82' lang='lat' dir='ltr'><strong>ta.</strong></span> <span class='ocrx_word' id='word_1_317' title='bbox 552 2972 597 3019; x_wconf 89' lang='lat' dir='ltr'><strong>sed</strong></span> <span class='ocrx_word' id='word_1_318' title='bbox 618 2973 745 3037; x_wconf 87' lang='lat' dir='ltr'><strong>quomodo</strong></span> <span class='ocrx_word' id='word_1_319' title='bbox 764 2974 821 3038; x_wconf 88' lang='lat' dir='ltr'><strong>quis</strong></span> <span class='ocrx_word' id='word_1_320' title='bbox 839 2973 922 3037; x_wconf 87' lang='lat' dir='ltr'><strong>possit</strong></span> <span class='ocrx_word' id='word_1_321' title='bbox 944 2972 1047 3022; x_wconf 89' lang='lat' dir='ltr'><strong>titulum</strong></span> <span class='ocrx_word' id='word_1_322' title='bbox 1065 2971 1204 3035; x_wconf 75' lang='lat' dir='ltr'><strong>diligenter</strong></span> <span class='ocrx_word' id='word_1_323' title='bbox 1223 2986 1297 3021; x_wconf 81' lang='lat' dir='ltr'><strong>exer·</strong></span> 
     </span>
     <span class='ocr_line' id='line_1_34' title="bbox 200 3034 1296 3100; baseline 0.001 -17"><span class='ocrx_word' id='word_1_324' title='bbox 200 3048 268 3098; x_wconf 88' lang='lat' dir='ltr'><strong>cere,</strong></span> <span class='ocrx_word' id='word_1_325' title='bbox 276 3043 319 3084; x_wconf 87' lang='lat' dir='ltr'><strong>sut</strong></span> <span class='ocrx_word' id='word_1_326' title='bbox 331 3048 446 3099; x_wconf 80' lang='lat' dir='ltr'><strong>uersare,</strong></span> <span class='ocrx_word' id='word_1_327' title='bbox 456 3051 507 3085; x_wconf 87' lang='lat' dir='ltr'><strong>uon</strong></span> <span class='ocrx_word' id='word_1_328' title='bbox 520 3034 592 3085; x_wconf 89' lang='lat' dir='ltr'><strong>videt</strong></span> <span class='ocrx_word' id='word_1_329' title='bbox 603 3052 610 3096; x_wconf 72' lang='grc' dir='ltr'><strong>ς</strong></span> <span class='ocrx_word' id='word_1_330' title='bbox 627 3038 674 3086; x_wconf 88' lang='lat' dir='ltr'><strong>nisi</strong></span> <span class='ocrx_word' id='word_1_331' title='bbox 686 3037 754 3087; x_wconf 80' lang='lat' dir='ltr'><strong>t&#39;orte</strong></span> <span class='ocrx_word' id='word_1_332' title='bbox 774 3037 840 3086; x_wconf 78' lang='lat' dir='ltr'><strong>titali</strong></span> <span class='ocrx_word' id='word_1_333' title='bbox 851 3038 953 3100; x_wconf 73' lang='lat' dir='ltr'><strong>diligen</strong></span> <span class='ocrx_word' id='word_1_334' title='bbox 964 3036 1059 3087; x_wconf 84' lang='lat' dir='ltr'><strong>debeat</strong></span> <span class='ocrx_word' id='word_1_335' title='bbox 1079 3036 1143 3085; x_wconf 89' lang='lat' dir='ltr'><strong>sumi</strong></span> <span class='ocrx_word' id='word_1_336' title='bbox 1161 3050 1218 3099; x_wconf 81' lang='lat' dir='ltr'><strong>pro,</strong></span> <span class='ocrx_word' id='word_1_337' title='bbox 1237 3036 1296 3086; x_wconf 91' lang='lat' dir='ltr'><strong>dili·</strong></span> 
     </span>
     <span class='ocr_line' id='line_1_35' title="bbox 199 3100 1294 3178; baseline -0.001 -29"><span class='ocrx_word' id='word_1_338' title='bbox 199 3114 261 3162; x_wconf 78' lang='lat' dir='ltr'><strong>gens</strong></span> <span class='ocrx_word' id='word_1_339' title='bbox 274 3100 433 3177; x_wconf 74' lang='lat' dir='ltr'><strong>titulum,nt</strong></span> <span class='ocrx_word' id='word_1_340' title='bbox 448 3104 640 3173; x_wconf 74' lang='lat' dir='ltr'><strong>‘praemetuens</strong></span> <span class='ocrx_word' id='word_1_341' title='bbox 659 3100 729 3150; x_wconf 87' lang='lat' dir='ltr'><strong>doii&#39;</strong></span> <span class='ocrx_word' id='word_1_342' title='bbox 746 3101 790 3152; x_wconf 89' lang='lat' dir='ltr'><strong>lib.</strong></span> <span class='ocrx_word' id='word_1_343' title='bbox 803 3116 822 3151; x_wconf 91' lang='lat' dir='ltr'><strong>t.</strong></span> <span class='ocrx_word' id='word_1_344' title='bbox 843 3102 896 3151; x_wconf 84' lang='lat' dir='ltr'><strong>fab.</strong></span> <span class='ocrx_word' id='word_1_345' title='bbox 909 3106 949 3151; x_wconf 86' lang='grc'><strong>16.</strong></span> <span class='ocrx_word' id='word_1_346' title='bbox 968 3108 996 3151; x_wconf 86' lang='lat' dir='ltr'><strong>et</strong></span> <span class='ocrx_word' id='word_1_347' title='bbox 1006 3101 1106 3178; x_wconf 74' lang='lat' dir='ltr'><strong>similia.</strong></span> <span class='ocrx_word' id='word_1_348' title='bbox 1140 3100 1224 3149; x_wconf 73' lang='lat' dir='ltr'><strong>Stadii</strong></span> <span class='ocrx_word' id='word_1_349' title='bbox 1241 3101 1294 3149; x_wconf 83' lang='lat' dir='ltr'><strong>dili·</strong></span> 
     </span>
     <span class='ocr_line' id='line_1_36' title="bbox 196 3163 1295 3293; baseline -0.002 -15"><span class='ocrx_word' id='word_1_350' title='bbox 196 3163 630 3293; x_wconf 52' lang='lat' dir='ltr'><strong>t‘ltttlticiiltttlltt</strong></span> <span class='ocrx_word' id='word_1_351' title='bbox 648 3166 966 3293; x_wconf 61' lang='lat' dir='ltr'><strong>tiltt‘tttl&#39;tllti:</strong></span> <span class='ocrx_word' id='word_1_352' title='bbox 984 3172 1295 3290; x_wconf 51' lang='lat' dir='ltr'><strong>&amp;stlitem</strong></span> 
     </span>
     <span class='ocr_line' id='line_1_37' title="bbox 198 3290 1295 3359; baseline 0 -18"><span class='ocrx_word' id='word_1_353' title='bbox 198 3291 285 3343; x_wconf 87' lang='lat' dir='ltr'><strong>detur.</strong></span> <span class='ocrx_word' id='word_1_354' title='bbox 320 3295 413 3359; x_wconf 85' lang='lat' dir='ltr'><strong>Neque</strong></span> <span class='ocrx_word' id='word_1_355' title='bbox 424 3293 519 3357; x_wconf 86' lang='lat' dir='ltr'><strong>credit,</strong></span> <span class='ocrx_word' id='word_1_356' title='bbox 529 3295 551 3342; x_wconf 87' lang='lat' dir='ltr'><strong>si</strong></span> <span class='ocrx_word' id='word_1_357' title='bbox 560 3295 636 3343; x_wconf 69' lang='lat' dir='ltr'><strong>dedii</strong></span> <span class='ocrx_word' id='word_1_358' title='bbox 645 3294 792 3358; x_wconf 87' lang='lat' dir='ltr'><strong>scripsisset</strong></span> <span class='ocrx_word' id='word_1_359' title='bbox 804 3293 942 3355; x_wconf 78' lang='lat' dir='ltr'><strong>Phaedrus,</strong></span> <span class='ocrx_word' id='word_1_360' title='bbox 962 3293 1038 3343; x_wconf 82' lang='lat' dir='ltr'><strong>facile</strong></span> <span class='ocrx_word' id='word_1_361' title='bbox 1055 3290 1159 3342; x_wconf 83' lang='lat' dir='ltr'><strong>librario</strong></span> <span class='ocrx_word' id='word_1_362' title='bbox 1176 3292 1203 3340; x_wconf 89' lang='lat' dir='ltr'><strong>in</strong></span> <span class='ocrx_word' id='word_1_363' title='bbox 1225 3294 1295 3341; x_wconf 58' lang='lat' dir='ltr'><strong>mori</strong></span> 
     </span>
     <span class='ocr_line' id='line_1_38' title="bbox 198 3357 1293 3421; baseline 0 -15"><span class='ocrx_word' id='word_1_364' title='bbox 198 3364 251 3407; x_wconf 87' lang='lat' dir='ltr'><strong>tem</strong></span> <span class='ocrx_word' id='word_1_365' title='bbox 264 3359 374 3419; x_wconf 80' lang='lat' dir='ltr'><strong>venisse,</strong></span> <span class='ocrx_word' id='word_1_366' title='bbox 396 3359 462 3407; x_wconf 81' lang='lat' dir='ltr'><strong>titali</strong></span> <span class='ocrx_word' id='word_1_367' title='bbox 472 3371 627 3421; x_wconf 86' lang='lat' dir='ltr'><strong>supponere,</strong></span> <span class='ocrx_word' id='word_1_368' title='bbox 638 3366 683 3407; x_wconf 89' lang='lat' dir='ltr'><strong>ant</strong></span> <span class='ocrx_word' id='word_1_369' title='bbox 695 3358 839 3420; x_wconf 76' lang='lat' dir='ltr'><strong>glossatori,</strong></span> <span class='ocrx_word' id='word_1_370' title='bbox 858 3359 896 3407; x_wconf 91' lang='lat' dir='ltr'><strong>ita</strong></span> <span class='ocrx_word' id='word_1_371' title='bbox 907 3359 1050 3420; x_wconf 71' lang='lat' dir='ltr'><strong>explicare.</strong></span> <span class='ocrx_word' id='word_1_372' title='bbox 1084 3357 1196 3405; x_wconf 84' lang='lat' dir='ltr'><strong>Strenue</strong></span> <span class='ocrx_word' id='word_1_373' title='bbox 1206 3361 1293 3406; x_wconf 78' lang='lat' dir='ltr'><strong>testeo</strong></span> 
     </span>
     <span class='ocr_line' id='line_1_39' title="bbox 197 3417 1293 3485; baseline 0.003 -17"><span class='ocrx_word' id='word_1_374' title='bbox 197 3421 336 3472; x_wconf 82' lang='lat' dir='ltr'><strong>lectionem</strong></span> <span class='ocrx_word' id='word_1_375' title='bbox 348 3422 425 3471; x_wconf 78' lang='lat' dir='ltr'><strong>ondit</strong></span> <span class='ocrx_word' id='word_1_376' title='bbox 438 3430 544 3473; x_wconf 78' lang='lat' dir='ltr'><strong>tuemur</strong></span> <span class='ocrx_word' id='word_1_377' title='bbox 554 3421 587 3471; x_wconf 91' lang='lat' dir='ltr'><strong>de</strong></span> <span class='ocrx_word' id='word_1_378' title='bbox 599 3423 728 3472; x_wconf 82' lang='lat' dir='ltr'><strong>Schieacla.</strong></span> <span class='ocrx_word' id='word_1_379' title='bbox 749 3429 777 3470; x_wconf 92' lang='lat' dir='ltr'><strong>et</strong></span> <span class='ocrx_word' id='word_1_380' title='bbox 797 3422 892 3471; x_wconf 72' lang='lat' dir='ltr'><strong>Iteonn</strong></span> <span class='ocrx_word' id='word_1_381' title='bbox 907 3435 986 3485; x_wconf 85' lang='lat' dir='ltr'><strong>quam</strong></span> <span class='ocrx_word' id='word_1_382' title='bbox 996 3419 1131 3482; x_wconf 85' lang='lat' dir='ltr'><strong>Bipontiul</strong></span> <span class='ocrx_word' id='word_1_383' title='bbox 1149 3426 1178 3468; x_wconf 88' lang='lat' dir='ltr'><strong>et</strong></span> <span class='ocrx_word' id='word_1_384' title='bbox 1197 3417 1293 3471; x_wconf 74' lang='lat' dir='ltr'><strong>Jskob.</strong></span> 
     </span>
     <span class='ocr_line' id='line_1_40' title="bbox 199 3483 1291 3549; baseline 0 -17"><span class='ocrx_word' id='word_1_385' title='bbox 199 3494 355 3549; x_wconf 88' lang='lat' dir='ltr'><strong>receperunt</strong></span> <span class='ocrx_word' id='word_1_386' title='bbox 366 3487 392 3535; x_wconf 89' lang='lat' dir='ltr'><strong>io</strong></span> <span class='ocrx_word' id='word_1_387' title='bbox 404 3494 513 3537; x_wconf 86' lang='lat' dir='ltr'><strong>textum.</strong></span> <span class='ocrx_word' id='word_1_388' title='bbox 545 3486 676 3536; x_wconf 85' lang='lat' dir='ltr'><strong>Wsleltius</strong></span> <span class='ocrx_word' id='word_1_389' title='bbox 688 3485 768 3549; x_wconf 73' lang='lat' dir='ltr'><strong>tegit:</strong></span> <span class='ocrx_word' id='word_1_390' title='bbox 788 3485 853 3534; x_wconf 82' lang='lat' dir='ltr'><strong>Nam</strong></span> <span class='ocrx_word' id='word_1_391' title='bbox 863 3486 885 3534; x_wconf 88' lang='lat' dir='ltr'><strong>si</strong></span> <span class='ocrx_word' id='word_1_392' title='bbox 895 3487 946 3548; x_wconf 82' lang='lat' dir='ltr'><strong>qais</strong></span> <span class='ocrx_word' id='word_1_393' title='bbox 956 3485 1013 3534; x_wconf 83' lang='lat' dir='ltr'><strong>tuiis</strong></span> <span class='ocrx_word' id='word_1_394' title='bbox 1023 3483 1095 3532; x_wconf 68' lang='lat' dir='ltr'><strong>aas·</strong></span> <span class='ocrx_word' id='word_1_395' title='bbox 1105 3487 1167 3533; x_wconf 77' lang='lat' dir='ltr'><strong>esset</strong></span> <span class='ocrx_word' id='word_1_396' title='bbox 1182 3483 1241 3547; x_wconf 60' lang='lat' dir='ltr'><strong>stati</strong></span> <span class='ocrx_word' id='word_1_397' title='bbox 1255 3483 1291 3533; x_wconf 82' lang='lat' dir='ltr'><strong>di·</strong></span> 
     </span>
     <span class='ocr_line' id='line_1_41' title="bbox 198 3544 1294 3615; baseline 0 -19"><span class='ocrx_word' id='word_1_398' title='bbox 198 3544 282 3610; x_wconf 51' lang='lat' dir='ltr'><strong>libeas,</strong></span> <span class='ocrx_word' id='word_1_399' title='bbox 293 3563 384 3598; x_wconf 81' lang='lat' dir='ltr'><strong>vocem</strong></span> <span class='ocrx_word' id='word_1_400' title='bbox 396 3550 471 3611; x_wconf 78' lang='lat' dir='ltr'><strong>titali,</strong></span> <span class='ocrx_word' id='word_1_401' title='bbox 482 3563 540 3615; x_wconf 84' lang='lat' dir='ltr'><strong>quse</strong></span> <span class='ocrx_word' id='word_1_402' title='bbox 559 3556 599 3599; x_wconf 87' lang='lat' dir='ltr'><strong>est</strong></span> <span class='ocrx_word' id='word_1_403' title='bbox 617 3551 644 3600; x_wconf 91' lang='lat' dir='ltr'><strong>iu</strong></span> <span class='ocrx_word' id='word_1_404' title='bbox 662 3551 726 3598; x_wconf 86' lang='lat' dir='ltr'><strong>liiss.</strong></span> <span class='ocrx_word' id='word_1_405' title='bbox 744 3550 874 3613; x_wconf 83' lang='lat' dir='ltr'><strong>rejiciens,</strong></span> <span class='ocrx_word' id='word_1_406' title='bbox 893 3563 970 3611; x_wconf 83' lang='lat' dir='ltr'><strong>qnam</strong></span> <span class='ocrx_word' id='word_1_407' title='bbox 989 3547 1177 3609; x_wconf 82' lang='lat' dir='ltr'><strong>con‘eetueant,</strong></span> <span class='ocrx_word' id='word_1_408' title='bbox 1194 3556 1226 3596; x_wconf 85' lang='lat' dir='ltr'><strong>ut</strong></span> <span class='ocrx_word' id='word_1_409' title='bbox 1241 3547 1294 3596; x_wconf 78' lang='lat' dir='ltr'><strong>rie·</strong></span> 
     </span>
     <span class='ocr_line' id='line_1_42' title="bbox 197 3562 1289 3678; baseline 0.001 -19"><span class='ocrx_word' id='word_1_410' title='bbox 197 3611 294 3661; x_wconf 85' lang='lat' dir='ltr'><strong>lentam</strong></span> <span class='ocrx_word' id='word_1_411' title='bbox 306 3619 334 3662; x_wconf 90' lang='lat' dir='ltr'><strong>et</strong></span> <span class='ocrx_word' id='word_1_412' title='bbox 344 3619 427 3662; x_wconf 77' lang='lat' dir='ltr'><strong>metro</strong></span> <span class='ocrx_word' id='word_1_413' title='bbox 438 3622 634 3678; x_wconf 75' lang='lat' dir='ltr'><strong>repugnantem,</strong></span> <span class='ocrx_word' id='word_1_414' title='bbox 653 3613 742 3676; x_wconf 87' lang='lat' dir='ltr'><strong>rejicit</strong></span> <span class='ocrx_word' id='word_1_415' title='bbox 761 3614 930 3663; x_wconf 82' lang='lat' dir='ltr'><strong>llenmauuns</strong></span> <span class='ocrx_word' id='word_1_416' title='bbox 949 3614 974 3662; x_wconf 90' lang='lat' dir='ltr'><strong>in</strong></span> <span class='ocrx_word' id='word_1_417' title='bbox 993 3612 1028 3662; x_wconf 89' lang='lat' dir='ltr'><strong>N.</strong></span> <span class='ocrx_word' id='word_1_418' title='bbox 1036 3562 1070 3660; x_wconf 53' lang='lat' dir='ltr'><strong>il.</strong></span> <span class='ocrx_word' id='word_1_419' title='bbox 1088 3611 1120 3658; x_wconf 84' lang='lat' dir='ltr'><strong>P.</strong></span> <span class='ocrx_word' id='word_1_420' title='bbox 1131 3614 1174 3660; x_wconf 66' lang='grc' dir='ltr'><strong>π.</strong></span> <span class='ocrx_word' id='word_1_421' title='bbox 1214 3615 1289 3662; x_wconf 78' lang='lat' dir='ltr'><strong>.dil.</strong></span> 
     </span>
     <span class='ocr_line' id='line_1_43' title="bbox 198 3673 1293 3741; baseline -0.002 -15"><span class='ocrx_word' id='word_1_422' title='bbox 198 3675 322 3726; x_wconf 81' lang='lat' dir='ltr'><strong>Johnson.</strong></span> <span class='ocrx_word' id='word_1_423' title='bbox 341 3675 405 3725; x_wconf 81' lang='lat' dir='ltr'><strong>Nasu</strong></span> <span class='ocrx_word' id='word_1_424' title='bbox 416 3677 499 3741; x_wconf 54' lang='lat' dir='ltr'><strong>&amp;aab</strong></span> <span class='ocrx_word' id='word_1_425' title='bbox 514 3678 570 3726; x_wconf 84' lang='lat' dir='ltr'><strong>talis</strong></span> <span class='ocrx_word' id='word_1_426' title='bbox 581 3677 652 3726; x_wconf 64' lang='lat' dir='ltr'><strong>diam</strong></span> <span class='ocrx_word' id='word_1_427' title='bbox 663 3677 759 3726; x_wconf 82' lang='lat' dir='ltr'><strong>studieli</strong></span> <span class='ocrx_word' id='word_1_428' title='bbox 769 3683 803 3727; x_wconf 84' lang='lat' dir='ltr'><strong>est</strong></span> <span class='ocrx_word' id='word_1_429' title='bbox 813 3678 902 3736; x_wconf 70' lang='lat' dir='ltr'><strong>imam,</strong></span> <span class='ocrx_word' id='word_1_430' title='bbox 922 3677 967 3725; x_wconf 89' lang='lat' dir='ltr'><strong>sed</strong></span> <span class='ocrx_word' id='word_1_431' title='bbox 977 3673 1138 3737; x_wconf 79' lang='lat' dir='ltr'><strong>nnn-docuit,</strong></span> <span class='ocrx_word' id='word_1_432' title='bbox 1148 3685 1184 3722; x_wconf 90' lang='lat' dir='ltr'><strong>un</strong></span> <span class='ocrx_word' id='word_1_433' title='bbox 1228 3674 1293 3724; x_wconf 78' lang='lat' dir='ltr'><strong>haue</strong></span> 
     </span>
     <span class='ocr_line' id='line_1_44' title="bbox 198 3739 1293 3807; baseline 0.001 -19"><span class='ocrx_word' id='word_1_434' title='bbox 198 3752 299 3804; x_wconf 84' lang='lat' dir='ltr'><strong>rocem,</strong></span> <span class='ocrx_word' id='word_1_435' title='bbox 311 3740 385 3790; x_wconf 78' lang='lat' dir='ltr'><strong>Latio</strong></span> <span class='ocrx_word' id='word_1_436' title='bbox 396 3740 564 3807; x_wconf 81' lang='lat' dir='ltr'><strong>incognitam,</strong></span> <span class='ocrx_word' id='word_1_437' title='bbox 576 3741 754 3806; x_wconf 80' lang='lat' dir='ltr'><strong>depromserit.</strong></span> <span class='ocrx_word' id='word_1_438' title='bbox 788 3743 877 3791; x_wconf 84' lang='lat' dir='ltr'><strong>ilenti.</strong></span> <span class='ocrx_word' id='word_1_439' title='bbox 888 3741 986 3791; x_wconf 78' lang='lat' dir='ltr'><strong>Numae*</strong></span> <span class='ocrx_word' id='word_1_440' title='bbox 1001 3739 1053 3804; x_wconf 81' lang='lat' dir='ltr'><strong>quir</strong></span> <span class='ocrx_word' id='word_1_441' title='bbox 1070 3739 1128 3788; x_wconf 87' lang='lat' dir='ltr'><strong>talis</strong></span> <span class='ocrx_word' id='word_1_442' title='bbox 1144 3740 1218 3789; x_wconf 80' lang='lat' dir='ltr'><strong>etiast</strong></span> <span class='ocrx_word' id='word_1_443' title='bbox 1227 3739 1293 3789; x_wconf 78' lang='lat' dir='ltr'><strong>titali</strong></span> 
     </span>
    </p>
   </div>
   <div class='ocr_carea' id='block_1_7' title="bbox 692 3901 797 3954">
    <p class='ocr_par' dir='ltr' id='par_1_7' title="bbox 692 3901 797 3954">
     <span class='ocr_line' id='line_1_45' title="bbox 692 3901 797 3954; baseline -0.01 0"><span class='ocrx_word' id='word_1_444' title='bbox 692 3901 797 3954; x_wconf 78' lang='lat' dir='ltr'>NOTAE</span> 
     </span>
    </p>
   </div>
   <div class='ocr_carea' id='block_1_8' title="bbox 194 4016 1290 4239">
    <p class='ocr_par' dir='ltr' id='par_1_8' title="bbox 194 4016 1290 4239">
     <span class='ocr_line' id='line_1_46' title="bbox 227 4016 1290 4088; baseline -0.006 -16"><span class='ocrx_word' id='word_1_445' title='bbox 227 4027 243 4072; x_wconf 80' lang='lat' dir='ltr'><strong>l</strong></span> <span class='ocrx_word' id='word_1_446' title='bbox 262 4022 336 4073; x_wconf 68' lang='lat' dir='ltr'><strong>litat</strong></span> <span class='ocrx_word' id='word_1_447' title='bbox 344 4023 481 4087; x_wconf 86' lang='lat' dir='ltr'><strong>appetens]</strong></span> <span class='ocrx_word' id='word_1_448' title='bbox 498 4023 611 4088; x_wconf 50' lang='lat' dir='ltr'><strong>[netues]</strong></span> <span class='ocrx_word' id='word_1_449' title='bbox 628 4022 655 4073; x_wconf 84' lang='lat' dir='ltr'><strong>Si</strong></span> <span class='ocrx_word' id='word_1_450' title='bbox 667 4021 722 4087; x_wconf 86' lang='lat' dir='ltr'><strong>quis</strong></span> <span class='ocrx_word' id='word_1_451' title='bbox 763 4021 925 4072; x_wconf 88' lang='lat' dir='ltr'><strong>desideratur</strong></span> <span class='ocrx_word' id='word_1_452' title='bbox 939 4023 964 4070; x_wconf 92' lang='lat' dir='ltr'><strong>in</strong></span> <span class='ocrx_word' id='word_1_453' title='bbox 977 4019 1130 4086; x_wconf 85' lang='lat' dir='ltr'><strong>quibusdam</strong></span> <span class='ocrx_word' id='word_1_454' title='bbox 1143 4016 1290 4084; x_wconf 80' lang='lat' dir='ltr'><strong>exemplari·</strong></span> 
     </span>
     <span class='ocr_line' id='line_1_47' title="bbox 196 4095 1288 4162; baseline -0.005 -14"><span class='ocrx_word' id='word_1_455' title='bbox 196 4099 260 4149; x_wconf 75' lang='lat' dir='ltr'><strong>reh&#39;t</strong></span> <span class='ocrx_word' id='word_1_456' title='bbox 276 4099 390 4149; x_wconf 84' lang='lat' dir='ltr'><strong>scribere</strong></span> <span class='ocrx_word' id='word_1_457' title='bbox 402 4098 511 4162; x_wconf 79' lang='lat' dir='ltr'><strong>fabulas,</strong></span> <span class='ocrx_word' id='word_1_458' title='bbox 528 4108 555 4150; x_wconf 86' lang='lat' dir='ltr'><strong>et</strong></span> <span class='ocrx_word' id='word_1_459' title='bbox 574 4097 638 4148; x_wconf 87' lang='lat' dir='ltr'><strong>illud</strong></span> <span class='ocrx_word' id='word_1_460' title='bbox 658 4112 722 4161; x_wconf 89' lang='lat' dir='ltr'><strong>npns</strong></span> <span class='ocrx_word' id='word_1_461' title='bbox 763 4098 816 4148; x_wconf 87' lang='lat' dir='ltr'><strong>bns.</strong></span> <span class='ocrx_word' id='word_1_462' title='bbox 850 4098 909 4147; x_wconf 81' lang='lat' dir='ltr'><strong>Fuit</strong></span> <span class='ocrx_word' id='word_1_463' title='bbox 927 4110 987 4146; x_wconf 81' lang='lat' dir='ltr'><strong>vero</strong></span> <span class='ocrx_word' id='word_1_464' title='bbox 1001 4097 1122 4146; x_wconf 82' lang='lat' dir='ltr'><strong>restituta</strong></span> <span class='ocrx_word' id='word_1_465' title='bbox 1139 4096 1166 4145; x_wconf 90' lang='lat' dir='ltr'><strong>in</strong></span> <span class='ocrx_word' id='word_1_466' title='bbox 1178 4095 1288 4146; x_wconf 85' lang='lat' dir='ltr'><strong>editione</strong></span> 
     </span>
     <span class='ocr_line' id='line_1_48' title="bbox 194 4170 1217 4239; baseline 0 -16"><span class='ocrx_word' id='word_1_467' title='bbox 194 4173 241 4223; x_wconf 79' lang='lat' dir='ltr'><strong>tali</strong></span> <span class='ocrx_word' id='word_1_468' title='bbox 252 4174 330 4225; x_wconf 89' lang='lat' dir='ltr'><strong>titolo</strong></span> <span class='ocrx_word' id='word_1_469' title='bbox 345 4175 476 4239; x_wconf 67' lang='lat' dir='ltr'><strong>insignire.</strong></span> <span class='ocrx_word' id='word_1_470' title='bbox 509 4175 568 4223; x_wconf 81' lang='lat' dir='ltr'><strong>Vos</strong></span> <span class='ocrx_word' id='word_1_471' title='bbox 578 4175 623 4222; x_wconf 90' lang='lat' dir='ltr'><strong>iila</strong></span> <span class='ocrx_word' id='word_1_472' title='bbox 632 4171 723 4231; x_wconf 50' lang='lat' dir='ltr'><strong>selden</strong></span> <span class='ocrx_word' id='word_1_473' title='bbox 762 4170 876 4232; x_wconf 84' lang='lat' dir='ltr'><strong>Phaedri,</strong></span> <span class='ocrx_word' id='word_1_474' title='bbox 885 4185 963 4236; x_wconf 80' lang='lat' dir='ltr'><strong>qnam</strong></span> <span class='ocrx_word' id='word_1_475' title='bbox 974 4171 1076 4237; x_wconf 80' lang='lat' dir='ltr'><strong>curarit</strong></span> <span class='ocrx_word' id='word_1_476' title='bbox 1089 4171 1217 4223; x_wconf 69' lang='lat' dir='ltr'><strong>Pincus</strong></span> 
     </span>
    </p>
   </div>
   <div class='ocr_carea' id='block_1_9' title="bbox 0 0 1362 4696">
    <p class='ocr_par' dir='ltr' id='par_1_9' title="bbox 0 0 1362 4696">
     <span class='ocr_line' id='line_1_49' title="bbox 0 0 1362 4696; baseline 0 3"><span class='ocrx_word' id='word_1_477' title='bbox 0 0 1362 4696; x_wconf 95' lang='lat' dir='ltr'><strong> </strong></span> 
     </span>
    </p>
   </div>
  </div>
 </body>
</html>
