2730 4688
330 223 485 277 numera
511 210 556 275 su
578 225 811 277 rnsrrnorsrn
837 227 886 278 ns
911 226 1084 281 anenno.
1214 220 1257 284 sl

160 369 270 435 habui.
314 367 361 434 Et
383 368 561 434 immomsli
583 387 694 434 amere
712 369 936 455 prudentium,
950 371 985 436 in
1005 371 1073 436 tarn
1096 373 1258 441 suavibus

160 471 268 536 verbis
282 477 320 536 et
331 469 456 535 fabulis
468 467 627 549 abditam
642 469 774 555 dignam
787 491 863 538 esse
877 474 953 557 quis
965 474 1087 555 negoti

419 649 519 716 Idem
532 647 712 731 Adversas.
726 651 748 714 l.
764 666 892 738 xxxa
905 671 936 716 c.
947 649 1001 717 21.
1101 637 1104 643 ’

202 776 258 840 De
272 774 410 848 Phaedri
429 772 553 839 tabulis
575 772 640 838 ita:
647 772 801 858 iudicant
817 774 994 841 (lentorum
1009 775 1169 861 plerique,
1183 794 1261 843 esse

160 875 311 959 ingenuoe
324 874 528 953 Iat'nritatis,
546 893 656 959 neque
669 876 799 942 mentiri
816 895 927 942 aevum
940 875 1077 944 ‘liberii
1121 875 1162 941 lu
1175 896 1260 960 quu-

160 995 233 1045 rum
246 996 309 1060 ego
321 993 460 1060 prorsus
469 973 629 1059 opinione
643 995 729 1055 sum,
740 976 820 1041 lieet
832 995 933 1042 unam
951 983 987 1042 et
998 977 1133 1043 altarem
1145 977 1260 1044 subdi·

162 1076 272 1142 titiam
282 1081 318 1142 et
327 1074 507 1141 insititiam
521 1073 679 1159 essejsm
692 1075 773 1142 olim
783 1078 933 1143 notarim.

232 1255 405 1343 Augustus
421 1257 616 1324 Buchnerus
629 1258 773 1426 igilibrgls
787 1259 830 1326 de
843 1264 1053 1338 commutata
1063 1260 1188 1327 mtiuue

674 1380 736 1426 een
774 1407 784 1426 .

210 1436 373 1550 Photinus
386 1484 658 1568 elegantissimus
672 1485 874 1554 Fabulamm
889 1486 1124 1570 AEsopiearum
1136 1484 1246 1570 poeta„

422 1665 518 1745 laem
534 1618 792 1734 otaeonssuom.
809 1686 850 1736 ιι.
866 1668 958 1735 oms
968 1667 1004 1733 21

189 1789 374 1856 Phaedrus
396 1790 665 1873 elegantissimus
681 1791 881 1859 Fabulamm
898 1793 1134 1878 AEsopiearum
1148 1790 1262 1874 poen,

164 1893 302 1958 libertus
313 1891 442 1958 Tiberii
455 1890 606 1958 Caesaris
619 1892 848 1961 doctissimus.

163 2029 170 2039 .
243 2073 342 2139 Idem
357 2072 469 2158 Epist.
484 2031 583 2171 Tum.
597 2091 637 2140 u.
651 2073 719 2159 Ep.
732 2075 788 2142 71.
802 2074 846 2140 ad
860 2073 984 2141 lanum
997 2072 1190 2140 Gruterum.

165 2238 167 2243 >
209 2200 347 2266 Phaedri
363 2200 530 2284 elegantes
547 2208 583 2265 et
602 2201 790 2285 purissirnse
809 2200 1010 2279 latinitatis,
1032 2201 1083 2266 sie
1106 2197 1265 2265 Barlhius

166 2305 293 2378 censet,
316 2297 463 2365 Fabulae
488 2307 601 2365 tenere
625 2319 756 2384 semper
778 2302 902 2367 amavi.
954 2302 999 2366 Et
1021 2300 1162 2385 quiriuli
1186 2318 1264 2363 cum

167 2398 382 2565 idleltggerniui
404 2416 473 2464 nen
494 2400 697 2467 eruditorum
718 2403 879 2469 haetenus
902 2401 939 2467 in
964 2400 1093 2467 deliciis
1119 2418 1194 2465 esse
1215 2396 1265 2464 vi·

332 2653 371 2730 F„
385 2653 561 2719 Vavassor
575 2653 617 2718 de
630 2653 759 2719 ludicra
773 2652 919 2718 dictione
935 2671 1011 2736 pag
1025 2607 1103 2718 205.

166 2823 169 2829 ·
212 2792 392 2858 Plraedrum
406 2793 504 2876 igitur
517 2794 692 2872 habemns,
716 2791 861 2876 Augusti
881 2795 1045 2872 libertum,
1068 2794 1141 2859 siue
1164 2793 1268 2861 Octa-

168 2894 259 2959 viani
284 2895 357 2959 sive
377 2894 516 2973 Tiberii,
533 2896 592 2978 qni
616 2901 651 2961 et
672 2896 806 2960 nomine
832 2896 910 2979 ipso
931 2896 1125 2960 hilaritatem
1145 2914 1217 2977 prae
1232 2916 1268 2959 se

169 2997 243 3072 lert,
259 3003 293 3060 et
305 2997 476 3080 profitetur
501 2995 605 3061 libelli
630 2998 683 3062 sui
706 2997 814 3061 dotem
839 2997 977 3062 alteram
991 3016 1010 3061 e
1025 2996 1157 3059 duabus
1178 3015 1269 3074 esse,

170 3103 206 3160 ut
219 3098 325 3161 risum
338 3104 482 3173 moveat,
498 3103 533 3162 et
547 3097 633 3163 fictis
647 3100 771 3164 sabulis
779 3098 922 3181 jocetur.
966 3097 1060 3161 Idem
1074 3115 1176 3179 quam
1191 3116 1267 3181 pro-

170 3199 243 3278 prie
259 3198 303 3262 de
318 3199 552 3262 communibus
573 3203 607 3261 et
620 3199 825 3280 quotidianis
848 3201 956 3273 rebus,
975 3216 1061 3278 quas
1076 3199 1134 3261 alii
1148 3204 1268 3261 tracta-

171 3306 249 3360 runt
277 3298 455 3380 seriptores
480 3297 574 3375 nulli,
596 3297 761 3379 loquitur!
784 3315 882 3379 quam
907 3299 1035 3359 sineere
1057 3301 1091 3358 et
1112 3295 1155 3358 ab
1178 3298 1269 3360 omni

170 3399 399 3481 peregrinitate
424 3403 525 3482 atque
549 3398 725 3464 insolentia
738 3397 890 3463 remote!
928 3414 1031 3479 quam
1059 3413 1186 3479 presse,
1208 3415 1268 3460 nec

171 3499 312 3565 moleste
324 3501 451 3564 tamen!
474 3517 573 3581 quam
589 3500 709 3576 solute,
725 3517 788 3563 nee
807 3499 960 3563 licenter!
982 3517 1081 3581 quam
1095 3498 1269 3562 emendate

171 3599 380 3682 liternteque,
395 3618 436 3663 ac
450 3599 547 3676 bene,
558 3603 596 3662 ut
608 3599 712 3662 verbo
728 3598 852 3677 dicam,
864 3597 999 3662 Iratine!
1022 3597 1064 3661 ln
1078 3616 1144 3681 qno
1154 3615 1270 3680 genere

172 3699 254 3782 quid
267 3705 392 3784 posset,
407 3706 443 3763 et
452 3698 595 3782 'movit
608 3699 694 3783 ipse,
707 3705 740 3765 et
753 3703 916 3784 equales,
930 3700 988 3783 qui
1001 3703 1102 3764 oetate
1115 3697 1271 3762 vivebant

173 3801 301 3877 eadem,
316 3819 395 3864 curn
412 3800 486 3884 ejus
502 3799 604 3863 'verba
624 3798 659 3862 in
682 3818 763 3864 suas
786 3801 918 3865 chartas
940 3798 1164 3875 transferrent,
1187 3798 1270 3863 satis

173 3902 393 3966 declararunt.
438 3899 578 3965 Memini
600 3898 754 3981 equidem
773 3900 939 3965 laconum
962 3896 1173 3964 Sirmendum
1196 3916 1270 3961 nar·

176 4021 245 4067 rare
259 4003 339 4069 mihi
360 4000 503 4080 solitum,
522 4018 600 4065 cnm
623 3997 745 4066 Petrus
761 3998 912 4069 Pitlroeus
934 3999 996 4066 hes
1020 3997 1154 4066 l’haedri
1169 3998 1271 4063 AEso·
