<?xml version="1.0" encoding="UTF-8"?>
<!DOCTYPE html PUBLIC "-//W3C//DTD XHTML 1.0 Transitional//EN"
    "http://www.w3.org/TR/xhtml1/DTD/xhtml1-transitional.dtd">
<html xmlns="http://www.w3.org/1999/xhtml" xml:lang="en" lang="en">
 <head>
  <title>
</title>
<meta http-equiv="Content-Type" content="text/html;charset=utf-8" />
  <meta name='ocr-system' content='tesseract 3.04.00' />
  <meta name='ocr-capabilities' content='ocr_page ocr_carea ocr_par ocr_line ocrx_word'/>
</head>
<body>
  <div class='ocr_page' id='page_1' title='image "./phaedriaugustil01phaegoog_0766.png"; bbox 0 0 2714 4696; ppageno 0'>
   <div class='ocr_carea' id='block_1_1' title="bbox 304 284 1167 351">
    <p class='ocr_par' dir='ltr' id='par_1_1' title="bbox 304 284 1167 351">
     <span class='ocr_line' id='line_1_1' title="bbox 304 284 1167 351; baseline 0.003 -3"><span class='ocrx_word' id='word_1_1' title='bbox 304 290 500 348; x_wconf 79' lang='lat' dir='ltr'><strong>nscsnsus</strong></span> <span class='ocrx_word' id='word_1_2' title='bbox 525 295 740 346; x_wconf 80' lang='lat' dir='ltr'><strong>unrrronuru</strong></span> <span class='ocrx_word' id='word_1_3' title='bbox 767 296 929 347; x_wconf 69' lang='lat' dir='ltr'><strong>nissum.</strong></span> <span class='ocrx_word' id='word_1_4' title='bbox 1102 284 1167 351; x_wconf 69' lang='lat'><strong>751</strong></span> 
     </span>
    </p>
   </div>
   <div class='ocr_carea' id='block_1_2' title="bbox 31 437 1227 3163">
    <p class='ocr_par' dir='ltr' id='par_1_2' title="bbox 64 437 1227 828">
     <span class='ocr_line' id='line_1_2' title="bbox 113 437 1168 528; baseline 0.005 -22"><span class='ocrx_word' id='word_1_5' title='bbox 113 441 155 506; x_wconf 90' lang='lat' dir='ltr'><strong>In</strong></span> <span class='ocrx_word' id='word_1_6' title='bbox 171 437 256 504; x_wconf 75' lang='lat' dir='ltr'><strong>Mra.</strong></span> <span class='ocrx_word' id='word_1_7' title='bbox 272 439 401 504; x_wconf 77' lang='lat' dir='ltr'><em>Britan.</em></span> <span class='ocrx_word' id='word_1_8' title='bbox 424 439 562 506; x_wconf 76' lang='lat' dir='ltr'><strong>Phaedri</strong></span> <span class='ocrx_word' id='word_1_9' title='bbox 577 439 686 506; x_wconf 90' lang='lat' dir='ltr'><strong>Fabb.</strong></span> <span class='ocrx_word' id='word_1_10' title='bbox 702 443 763 506; x_wconf 81' lang='lat' dir='ltr'><strong>&amp;c</strong></span> <span class='ocrx_word' id='word_1_11' title='bbox 785 442 820 506; x_wconf 92' lang='lat' dir='ltr'><strong>in</strong></span> <span class='ocrx_word' id='word_1_12' title='bbox 833 459 932 505; x_wconf 91' lang='lat' dir='ltr'><strong>usum</strong></span> <span class='ocrx_word' id='word_1_13' title='bbox 953 440 1078 528; x_wconf 85' lang='lat' dir='ltr'><strong>Delph.</strong></span> <span class='ocrx_word' id='word_1_14' title='bbox 1090 442 1168 511; x_wconf 87' lang='lat' dir='ltr'><strong>8vo.</strong></span> 
     </span>
     <span class='ocr_line' id='line_1_3' title="bbox 67 535 1227 630; baseline 0.004 -23"><span class='ocrx_word' id='word_1_15' title='bbox 67 543 174 607; x_wconf 76' lang='lat' dir='ltr'><strong>Innd.</strong></span> <span class='ocrx_word' id='word_1_16' title='bbox 190 543 287 609; x_wconf 83' lang='grc'><strong>1758.</strong></span> <span class='ocrx_word' id='word_1_17' title='bbox 300 563 378 608; x_wconf 91' lang='lat' dir='ltr'><strong>cum</strong></span> <span class='ocrx_word' id='word_1_18' title='bbox 388 543 476 609; x_wconf 86' lang='lat' dir='ltr'><strong>notis</strong></span> <span class='ocrx_word' id='word_1_19' title='bbox 487 542 573 607; x_wconf 88' lang='lat' dir='ltr'><strong>Mss.</strong></span> <span class='ocrx_word' id='word_1_20' title='bbox 586 542 736 608; x_wconf 84' lang='lat' dir='ltr'><strong>Burneii.</strong></span> <span class='ocrx_word' id='word_1_21' title='bbox 764 543 817 608; x_wconf 85' lang='lat' dir='ltr'><strong>Ita</strong></span> <span class='ocrx_word' id='word_1_22' title='bbox 826 535 1021 626; x_wconf 77' lang='lat' dir='ltr'><strong>cntmogns,</strong></span> <span class='ocrx_word' id='word_1_23' title='bbox 1033 547 1092 611; x_wconf 86' lang='lat' dir='ltr'><strong>sed</strong></span> <span class='ocrx_word' id='word_1_24' title='bbox 1104 566 1166 630; x_wconf 80' lang='lat' dir='ltr'><strong>pro</strong></span> <span class='ocrx_word' id='word_1_25' title='bbox 1219 578 1227 595; x_wconf 77' lang='lat'>=</span> 
     </span>
     <span class='ocr_line' id='line_1_4' title="bbox 65 643 1168 731; baseline 0.005 -24"><span class='ocrx_word' id='word_1_26' title='bbox 65 650 157 709; x_wconf 88' lang='lat' dir='ltr'><strong>certo</strong></span> <span class='ocrx_word' id='word_1_27' title='bbox 185 651 275 710; x_wconf 67' lang='lat' dir='ltr'><strong>notre</strong></span> <span class='ocrx_word' id='word_1_28' title='bbox 300 645 387 728; x_wconf 67' lang='lat' dir='ltr'><strong>ipsae</strong></span> <span class='ocrx_word' id='word_1_29' title='bbox 410 663 510 709; x_wconf 90' lang='lat' dir='ltr'><strong>manu</strong></span> <span class='ocrx_word' id='word_1_30' title='bbox 537 644 580 710; x_wconf 91' lang='lat' dir='ltr'><strong>cl.</strong></span> <span class='ocrx_word' id='word_1_31' title='bbox 605 643 750 710; x_wconf 85' lang='lat' dir='ltr'><strong>Jonnuis</strong></span> <span class='ocrx_word' id='word_1_32' title='bbox 776 645 904 728; x_wconf 87' lang='lat' dir='ltr'><strong>Taylor</strong></span> <span class='ocrx_word' id='word_1_33' title='bbox 927 647 1061 731; x_wconf 72' lang='lat' dir='ltr'><strong>scriptae</strong></span> <span class='ocrx_word' id='word_1_34' title='bbox 1079 654 1168 728; x_wconf 86' lang='lat' dir='ltr'><strong>sunt,</strong></span> 
     </span>
     <span class='ocr_line' id='line_1_5' title="bbox 64 744 503 828; baseline 0.007 -19"><span class='ocrx_word' id='word_1_35' title='bbox 64 745 163 828; x_wconf 89' lang='lat' dir='ltr'><strong>cujus</strong></span> <span class='ocrx_word' id='word_1_36' title='bbox 179 745 263 809; x_wconf 89' lang='lat' dir='ltr'><strong>liber</strong></span> <span class='ocrx_word' id='word_1_37' title='bbox 276 745 383 811; x_wconf 86' lang='lat' dir='ltr'><strong>iuerat</strong></span> <span class='ocrx_word' id='word_1_38' title='bbox 397 744 503 828; x_wconf 84' lang='lat' dir='ltr'><strong>prius.</strong></span> 
     </span>
    </p>

    <p class='ocr_par' dir='ltr' id='par_1_3' title="bbox 109 844 1165 933">
     <span class='ocr_line' id='line_1_6' title="bbox 109 844 1165 933; baseline 0.002 -22"><span class='ocrx_word' id='word_1_39' title='bbox 109 845 247 911; x_wconf 73' lang='lat' dir='ltr'><strong>Phaedri</strong></span> <span class='ocrx_word' id='word_1_40' title='bbox 262 844 370 911; x_wconf 83' lang='lat' dir='ltr'><strong>Febb.</strong></span> <span class='ocrx_word' id='word_1_41' title='bbox 384 851 443 912; x_wconf 80' lang='lat' dir='ltr'><strong>&amp;e</strong></span> <span class='ocrx_word' id='word_1_42' title='bbox 464 847 545 912; x_wconf 88' lang='lat' dir='ltr'><strong>edit.</strong></span> <span class='ocrx_word' id='word_1_43' title='bbox 559 846 705 912; x_wconf 87' lang='lat' dir='ltr'><strong>Conradi</strong></span> <span class='ocrx_word' id='word_1_44' title='bbox 722 847 949 926; x_wconf 88' lang='lat' dir='ltr'><strong>Rittershusii,</strong></span> <span class='ocrx_word' id='word_1_45' title='bbox 964 850 1041 916; x_wconf 80' lang='lat' dir='ltr'><strong>Suo.</strong></span> <span class='ocrx_word' id='word_1_46' title='bbox 1058 850 1165 933; x_wconf 86' lang='lat' dir='ltr'><strong>Lugd.</strong></span> 
     </span>
    </p>

    <p class='ocr_par' dir='ltr' id='par_1_4' title="bbox 31 947 1167 3163">
     <span class='ocr_line' id='line_1_7' title="bbox 66 947 1165 1035; baseline 0.004 -24"><span class='ocrx_word' id='word_1_47' title='bbox 66 949 142 1011; x_wconf 90' lang='lat' dir='ltr'><strong>Bat.</strong></span> <span class='ocrx_word' id='word_1_48' title='bbox 159 947 255 1012; x_wconf 85' lang='grc'><strong>1598.</strong></span> <span class='ocrx_word' id='word_1_49' title='bbox 272 967 349 1012; x_wconf 89' lang='lat' dir='ltr'><strong>cum</strong></span> <span class='ocrx_word' id='word_1_50' title='bbox 366 949 453 1013; x_wconf 87' lang='lat' dir='ltr'><strong>notis</strong></span> <span class='ocrx_word' id='word_1_51' title='bbox 479 949 564 1013; x_wconf 89' lang='lat' dir='ltr'><strong>Mss.</strong></span> <span class='ocrx_word' id='word_1_52' title='bbox 581 948 625 1012; x_wconf 88' lang='lat' dir='ltr'><strong>R.</strong></span> <span class='ocrx_word' id='word_1_53' title='bbox 640 950 803 1015; x_wconf 82' lang='lat' dir='ltr'><strong>Bentleii.</strong></span> <span class='ocrx_word' id='word_1_54' title='bbox 827 950 894 1035; x_wconf 80' lang='lat' dir='ltr'><strong>Ap.</strong></span> <span class='ocrx_word' id='word_1_55' title='bbox 911 948 997 1015; x_wconf 81' lang='lat' dir='ltr'><strong>Mus.</strong></span> <span class='ocrx_word' id='word_1_56' title='bbox 1015 949 1165 1016; x_wconf 82' lang='lat' dir='ltr'><strong>Britaan.</strong></span> 
     </span>
     <span class='ocr_line' id='line_1_8' title="bbox 65 1046 887 1114; baseline -0.005 0"><span class='ocrx_word' id='word_1_57' title='bbox 65 1052 100 1114; x_wconf 92' lang='lat' dir='ltr'><strong>iu</strong></span> <span class='ocrx_word' id='word_1_58' title='bbox 125 1046 275 1113; x_wconf 80' lang='lat' dir='ltr'><strong>Bibliott.</strong></span> <span class='ocrx_word' id='word_1_59' title='bbox 295 1047 390 1113; x_wconf 86' lang='lat' dir='ltr'><strong>Harl.</strong></span> <span class='ocrx_word' id='word_1_60' title='bbox 627 1072 630 1076; x_wconf 88' lang='lat'>·</span> <span class='ocrx_word' id='word_1_61' title='bbox 883 1057 887 1065; x_wconf 84' lang='grc'><strong>’</strong></span> 
     </span>
     <span class='ocr_line' id='line_1_9' title="bbox 63 1149 1165 1220; baseline 0.003 -5"><span class='ocrx_word' id='word_1_62' title='bbox 63 1184 65 1189; x_wconf 93' lang='grc'><strong><em>·</em></strong></span> <span class='ocrx_word' id='word_1_63' title='bbox 110 1151 246 1216; x_wconf 85' lang='lat' dir='ltr'><strong>Phaedri</strong></span> <span class='ocrx_word' id='word_1_64' title='bbox 263 1151 367 1215; x_wconf 85' lang='lat' dir='ltr'><strong>Fabb.</strong></span> <span class='ocrx_word' id='word_1_65' title='bbox 383 1154 446 1215; x_wconf 77' lang='lat' dir='ltr'><strong>&amp;c-</strong></span> <span class='ocrx_word' id='word_1_66' title='bbox 470 1151 551 1217; x_wconf 88' lang='lat' dir='ltr'><strong>edit.</strong></span> <span class='ocrx_word' id='word_1_67' title='bbox 579 1149 620 1215; x_wconf 91' lang='lat' dir='ltr'><strong>P.</strong></span> <span class='ocrx_word' id='word_1_68' title='bbox 636 1151 819 1215; x_wconf 82' lang='lat' dir='ltr'>Burmanni</span> <span class='ocrx_word' id='word_1_69' title='bbox 837 1152 915 1218; x_wconf 85' lang='lat' dir='ltr'><strong>8v0.</strong></span> <span class='ocrx_word' id='word_1_70' title='bbox 944 1150 1054 1217; x_wconf 81' lang='lat' dir='ltr'><strong>Amet.</strong></span> <span class='ocrx_word' id='word_1_71' title='bbox 1069 1153 1165 1220; x_wconf 86' lang='grc'><strong>1698.</strong></span> 
     </span>
     <span class='ocr_line' id='line_1_10' title="bbox 66 1249 1167 1320; baseline 0.002 -2"><span class='ocrx_word' id='word_1_72' title='bbox 66 1274 143 1319; x_wconf 92' lang='lat' dir='ltr'><strong>cum</strong></span> <span class='ocrx_word' id='word_1_73' title='bbox 173 1252 219 1319; x_wconf 88' lang='lat' dir='ltr'><strong>R.</strong></span> <span class='ocrx_word' id='word_1_74' title='bbox 247 1253 395 1317; x_wconf 84' lang='lat' dir='ltr'><strong>Bentleii</strong></span> <span class='ocrx_word' id='word_1_75' title='bbox 430 1253 521 1318; x_wconf 89' lang='lat' dir='ltr'><strong>notis</strong></span> <span class='ocrx_word' id='word_1_76' title='bbox 550 1252 735 1317; x_wconf 77' lang='lat' dir='ltr'><strong>Mes-Ita</strong></span> <span class='ocrx_word' id='word_1_77' title='bbox 765 1251 876 1317; x_wconf 88' lang='lat' dir='ltr'><strong>Catal.</strong></span> <span class='ocrx_word' id='word_1_78' title='bbox 895 1250 984 1319; x_wconf 80' lang='lat' dir='ltr'><strong>Mus.</strong></span> <span class='ocrx_word' id='word_1_79' title='bbox 1016 1249 1104 1319; x_wconf 82' lang='lat' dir='ltr'><strong>Brit.</strong></span> <span class='ocrx_word' id='word_1_80' title='bbox 1132 1261 1167 1320; x_wconf 88' lang='lat' dir='ltr'><strong>et</strong></span> 
     </span>
     <span class='ocr_line' id='line_1_11' title="bbox 64 1352 1166 1438; baseline 0 -18"><span class='ocrx_word' id='word_1_81' title='bbox 64 1360 167 1433; x_wconf 84' lang='lat' dir='ltr'><strong>recte,</strong></span> <span class='ocrx_word' id='word_1_82' title='bbox 186 1354 375 1438; x_wconf 85' lang='lat' dir='ltr'><strong>putandum</strong></span> <span class='ocrx_word' id='word_1_83' title='bbox 390 1355 437 1418; x_wconf 91' lang='lat' dir='ltr'><strong>sit</strong></span> <span class='ocrx_word' id='word_1_84' title='bbox 458 1354 500 1418; x_wconf 89' lang='lat' dir='ltr'><strong>de</strong></span> <span class='ocrx_word' id='word_1_85' title='bbox 516 1355 586 1419; x_wconf 82' lang='lat' dir='ltr'><strong>viro</strong></span> <span class='ocrx_word' id='word_1_86' title='bbox 608 1352 709 1437; x_wconf 87' lang='lat' dir='ltr'><strong>cujus</strong></span> <span class='ocrx_word' id='word_1_87' title='bbox 729 1353 974 1437; x_wconf 83' lang='lat' dir='ltr'><strong>autographum</strong></span> <span class='ocrx_word' id='word_1_88' title='bbox 995 1360 1064 1420; x_wconf 87' lang='lat' dir='ltr'><strong>tam</strong></span> <span class='ocrx_word' id='word_1_89' title='bbox 1077 1355 1166 1420; x_wconf 80' lang='lat' dir='ltr'><strong>bene</strong></span> 
     </span>
     <span class='ocr_line' id='line_1_12' title="bbox 67 1455 1166 1541; baseline 0.002 -20"><span class='ocrx_word' id='word_1_90' title='bbox 67 1463 184 1522; x_wconf 90' lang='lat' dir='ltr'><strong>notum</strong></span> <span class='ocrx_word' id='word_1_91' title='bbox 202 1463 267 1533; x_wconf 89' lang='lat' dir='ltr'><strong>est,</strong></span> <span class='ocrx_word' id='word_1_92' title='bbox 292 1456 447 1539; x_wconf 85' lang='lat' dir='ltr'><strong>quamvis</strong></span> <span class='ocrx_word' id='word_1_93' title='bbox 469 1457 630 1540; x_wconf 83' lang='lat' dir='ltr'><strong>usquein</strong></span> <span class='ocrx_word' id='word_1_94' title='bbox 655 1455 722 1520; x_wconf 87' lang='lat' dir='ltr'><strong>hoc</strong></span> <span class='ocrx_word' id='word_1_95' title='bbox 740 1455 828 1521; x_wconf 87' lang='lat' dir='ltr'><strong>libro</strong></span> <span class='ocrx_word' id='word_1_96' title='bbox 850 1475 961 1540; x_wconf 86' lang='lat' dir='ltr'><strong>neque</strong></span> <span class='ocrx_word' id='word_1_97' title='bbox 986 1458 1021 1521; x_wconf 91' lang='lat' dir='ltr'><strong>in</strong></span> <span class='ocrx_word' id='word_1_98' title='bbox 1039 1477 1166 1541; x_wconf 84' lang='lat' dir='ltr'><strong>praece-</strong></span> 
     </span>
     <span class='ocr_line' id='line_1_13' title="bbox 63 1556 1164 1640; baseline 0.001 -16"><span class='ocrx_word' id='word_1_99' title='bbox 63 1559 155 1624; x_wconf 87' lang='lat' dir='ltr'><strong>denti</strong></span> <span class='ocrx_word' id='word_1_100' title='bbox 170 1577 224 1622; x_wconf 88' lang='lat' dir='ltr'><strong>an.</strong></span> <span class='ocrx_word' id='word_1_101' title='bbox 239 1556 334 1622; x_wconf 69' lang='grc'><strong>1598.</strong></span> <span class='ocrx_word' id='word_1_102' title='bbox 358 1576 477 1621; x_wconf 89' lang='lat' dir='ltr'><strong>nomen</strong></span> <span class='ocrx_word' id='word_1_103' title='bbox 491 1556 658 1622; x_wconf 76' lang='lat' dir='ltr'><strong>ducti-viri</strong></span> <span class='ocrx_word' id='word_1_104' title='bbox 677 1563 829 1640; x_wconf 86' lang='lat' dir='ltr'><strong>apparet.</strong></span> <span class='ocrx_word' id='word_1_105' title='bbox 873 1557 1049 1623; x_wconf 87' lang='lat' dir='ltr'><strong>Variantcs</strong></span> <span class='ocrx_word' id='word_1_106' title='bbox 1072 1560 1164 1625; x_wconf 89' lang='lat' dir='ltr'><strong>lectt.</strong></span> 
     </span>
     <span class='ocr_line' id='line_1_14' title="bbox 62 1657 1165 1747; baseline 0.001 -21"><span class='ocrx_word' id='word_1_107' title='bbox 62 1658 181 1747; x_wconf 78' lang='lat' dir='ltr'><strong>petius</strong></span> <span class='ocrx_word' id='word_1_108' title='bbox 198 1657 277 1726; x_wconf 88' lang='lat' dir='ltr'><strong>sunt</strong></span> <span class='ocrx_word' id='word_1_109' title='bbox 289 1679 391 1744; x_wconf 85' lang='lat' dir='ltr'><strong>quam</strong></span> <span class='ocrx_word' id='word_1_110' title='bbox 402 1668 500 1724; x_wconf 87' lang='lat' dir='ltr'><strong>notae.</strong></span> <span class='ocrx_word' id='word_1_111' title='bbox 544 1657 766 1742; x_wconf 81' lang='lat' dir='ltr'><strong>Autographa</strong></span> <span class='ocrx_word' id='word_1_112' title='bbox 782 1660 965 1744; x_wconf 81' lang='lat' dir='ltr'><strong>inutraque</strong></span> <span class='ocrx_word' id='word_1_113' title='bbox 981 1662 1165 1746; x_wconf 79' lang='lat' dir='ltr'><strong>exemplari</strong></span> 
     </span>
     <span class='ocr_line' id='line_1_15' title="bbox 62 1759 1167 1848; baseline -0.002 -19"><span class='ocrx_word' id='word_1_114' title='bbox 62 1759 143 1828; x_wconf 83' lang='lat' dir='ltr'><strong>sunt</strong></span> <span class='ocrx_word' id='word_1_115' title='bbox 156 1764 254 1848; x_wconf 84' lang='lat' dir='ltr'><strong>plane</strong></span> <span class='ocrx_word' id='word_1_116' title='bbox 265 1764 309 1828; x_wconf 89' lang='lat' dir='ltr'><strong>ab</strong></span> <span class='ocrx_word' id='word_1_117' title='bbox 324 1761 440 1826; x_wconf 88' lang='lat' dir='ltr'><strong>eadem</strong></span> <span class='ocrx_word' id='word_1_118' title='bbox 452 1776 576 1824; x_wconf 88' lang='lat' dir='ltr'><strong>manu:</strong></span> <span class='ocrx_word' id='word_1_119' title='bbox 602 1759 661 1824; x_wconf 89' lang='lat' dir='ltr'><strong>sed</strong></span> <span class='ocrx_word' id='word_1_120' title='bbox 678 1779 741 1824; x_wconf 86' lang='lat' dir='ltr'><strong>nec</strong></span> <span class='ocrx_word' id='word_1_121' title='bbox 756 1761 861 1824; x_wconf 87' lang='lat' dir='ltr'><strong>variae</strong></span> <span class='ocrx_word' id='word_1_122' title='bbox 874 1760 1036 1826; x_wconf 84' lang='lat' dir='ltr'><strong>lectiones</strong></span> <span class='ocrx_word' id='word_1_123' title='bbox 1044 1763 1167 1827; x_wconf 84' lang='lat' dir='ltr'><strong>utrius·</strong></span> 
     </span>
     <span class='ocr_line' id='line_1_16' title="bbox 63 1861 1166 1950; baseline -0.001 -20"><span class='ocrx_word' id='word_1_124' title='bbox 63 1862 209 1950; x_wconf 82' lang='lat' dir='ltr'><strong>quesibi</strong></span> <span class='ocrx_word' id='word_1_125' title='bbox 223 1865 368 1930; x_wconf 84' lang='lat' dir='ltr'><strong>invicem</strong></span> <span class='ocrx_word' id='word_1_126' title='bbox 383 1862 616 1943; x_wconf 88' lang='lat' dir='ltr'><strong>consentiunt;</strong></span> <span class='ocrx_word' id='word_1_127' title='bbox 639 1862 808 1947; x_wconf 81' lang='lat' dir='ltr'><strong>quadrien</strong></span> <span class='ocrx_word' id='word_1_128' title='bbox 830 1861 1105 1942; x_wconf 85' lang='lat' dir='ltr'><strong>mirum-Quod</strong></span> <span class='ocrx_word' id='word_1_129' title='bbox 1121 1863 1166 1929; x_wconf 85' lang='lat' dir='ltr'><strong>nd</strong></span> 
     </span>
     <span class='ocr_line' id='line_1_17' title="bbox 31 1965 1165 2052; baseline -0.001 -21"><span class='ocrx_word' id='word_1_130' title='bbox 31 1988 35 1993; x_wconf 91' lang='lat'><em>·</em></span> <span class='ocrx_word' id='word_1_131' title='bbox 63 1967 174 2052; x_wconf 76' lang='lat' dir='ltr'><strong>ipsum</strong></span> <span class='ocrx_word' id='word_1_132' title='bbox 188 1968 365 2033; x_wconf 85' lang='lat' dir='ltr'><strong>editionem</strong></span> <span class='ocrx_word' id='word_1_133' title='bbox 379 1971 511 2050; x_wconf 86' lang='lat' dir='ltr'><strong>spectat</strong></span> <span class='ocrx_word' id='word_1_134' title='bbox 525 1965 671 2029; x_wconf 83' lang='lat' dir='ltr'>Bentleii</span> <span class='ocrx_word' id='word_1_135' title='bbox 689 1965 889 2049; x_wconf 80' lang='lat' dir='ltr'><strong>impressam</strong></span> <span class='ocrx_word' id='word_1_136' title='bbox 903 1965 988 2051; x_wconf 71' lang='lat' dir='ltr'><strong>(tto.</strong></span> <span class='ocrx_word' id='word_1_137' title='bbox 1005 1965 1165 2031; x_wconf 75' lang='lat' dir='ltr'><strong>Cantaba</strong></span> 
     </span>
     <span class='ocr_line' id='line_1_18' title="bbox 64 2066 1164 2153; baseline -0.003 -18"><span class='ocrx_word' id='word_1_138' title='bbox 64 2066 510 2153; x_wconf 67' lang='lat' dir='ltr'><strong>1⁷26.)estunicumiuius,</strong></span> <span class='ocrx_word' id='word_1_139' title='bbox 525 2075 582 2132; x_wconf 87' lang='lat' dir='ltr'><strong>cst</strong></span> <span class='ocrx_word' id='word_1_140' title='bbox 592 2066 649 2129; x_wconf 93' lang='lat' dir='ltr'><strong>ubi</strong></span> <span class='ocrx_word' id='word_1_141' title='bbox 660 2086 737 2130; x_wconf 92' lang='lat' dir='ltr'><strong>cum</strong></span> <span class='ocrx_word' id='word_1_142' title='bbox 748 2066 850 2150; x_wconf 89' lang='lat' dir='ltr'><strong>hujus</strong></span> <span class='ocrx_word' id='word_1_143' title='bbox 861 2067 956 2131; x_wconf 87' lang='lat' dir='ltr'><strong>lectt.</strong></span> <span class='ocrx_word' id='word_1_144' title='bbox 968 2066 1164 2145; x_wconf 86' lang='lat' dir='ltr'><strong>concordat,</strong></span> 
     </span>
     <span class='ocr_line' id='line_1_19' title="bbox 64 2164 1164 2252; baseline -0.004 -15"><span class='ocrx_word' id='word_1_145' title='bbox 64 2172 183 2238; x_wconf 81' lang='lat' dir='ltr'><strong>setabi</strong></span> <span class='ocrx_word' id='word_1_146' title='bbox 190 2177 338 2237; x_wconf 88' lang='lat' dir='ltr'><strong>neutram</strong></span> <span class='ocrx_word' id='word_1_147' title='bbox 350 2170 508 2252; x_wconf 90' lang='lat' dir='ltr'><strong>sequitur.</strong></span> <span class='ocrx_word' id='word_1_148' title='bbox 533 2167 634 2247; x_wconf 86' lang='lat' dir='ltr'><strong>Quod</strong></span> <span class='ocrx_word' id='word_1_149' title='bbox 646 2169 690 2232; x_wconf 92' lang='lat' dir='ltr'><strong>ad</strong></span> <span class='ocrx_word' id='word_1_150' title='bbox 702 2169 799 2249; x_wconf 88' lang='lat' dir='ltr'><strong>ipsos</strong></span> <span class='ocrx_word' id='word_1_151' title='bbox 812 2167 925 2230; x_wconf 84' lang='lat' dir='ltr'><strong>codices</strong></span> <span class='ocrx_word' id='word_1_152' title='bbox 938 2164 1016 2230; x_wconf 80' lang='lat' dir='ltr'><strong>Mss.</strong></span> <span class='ocrx_word' id='word_1_153' title='bbox 1027 2167 1164 2234; x_wconf 77' lang='lat' dir='ltr'><strong>Phaedri</strong></span> 
     </span>
     <span class='ocr_line' id='line_1_20' title="bbox 64 2269 1165 2353; baseline -0.005 -14"><span class='ocrx_word' id='word_1_154' title='bbox 64 2274 192 2351; x_wconf 84' lang='lat' dir='ltr'><strong>attinet,</strong></span> <span class='ocrx_word' id='word_1_155' title='bbox 213 2272 279 2337; x_wconf 89' lang='lat' dir='ltr'><strong>duo</strong></span> <span class='ocrx_word' id='word_1_156' title='bbox 293 2277 422 2335; x_wconf 88' lang='lat' dir='ltr'><strong>tantum</strong></span> <span class='ocrx_word' id='word_1_157' title='bbox 442 2269 653 2334; x_wconf 80' lang='lat' dir='ltr'><strong>auctoritatis</strong></span> <span class='ocrx_word' id='word_1_158' title='bbox 676 2269 818 2353; x_wconf 89' lang='lat' dir='ltr'><strong>alicujus</strong></span> <span class='ocrx_word' id='word_1_159' title='bbox 839 2269 952 2332; x_wconf 83' lang='lat' dir='ltr'><strong>ubivis</strong></span> <span class='ocrx_word' id='word_1_160' title='bbox 975 2273 1109 2333; x_wconf 77' lang='lat' dir='ltr'><strong>extant:</strong></span> <span class='ocrx_word' id='word_1_161' title='bbox 1131 2274 1165 2334; x_wconf 85' lang='lat' dir='ltr'><strong>et</strong></span> 
     </span>
     <span class='ocr_line' id='line_1_21' title="bbox 64 2368 1165 2463; baseline -0.006 -22"><span class='ocrx_word' id='word_1_162' title='bbox 64 2392 168 2463; x_wconf 87' lang='lat' dir='ltr'><strong>qnam</strong></span> <span class='ocrx_word' id='word_1_163' title='bbox 191 2374 385 2439; x_wconf 84' lang='lat' dir='ltr'><strong>sententiam</strong></span> <span class='ocrx_word' id='word_1_164' title='bbox 408 2370 545 2436; x_wconf 88' lang='lat' dir='ltr'><strong>tulerint</strong></span> <span class='ocrx_word' id='word_1_165' title='bbox 563 2370 674 2436; x_wconf 88' lang='lat' dir='ltr'><strong>critici</strong></span> <span class='ocrx_word' id='word_1_166' title='bbox 697 2368 762 2432; x_wconf 86' lang='lat' dir='ltr'><strong>viri</strong></span> <span class='ocrx_word' id='word_1_167' title='bbox 786 2368 829 2433; x_wconf 88' lang='lat' dir='ltr'><strong>de</strong></span> <span class='ocrx_word' id='word_1_168' title='bbox 847 2369 999 2433; x_wconf 86' lang='lat' dir='ltr'><strong>Bentleio</strong></span> <span class='ocrx_word' id='word_1_169' title='bbox 1023 2368 1165 2434; x_wconf 88' lang='lat' dir='ltr'><strong>editoris</strong></span> 
     </span>
     <span class='ocr_line' id='line_1_22' title="bbox 62 2471 1164 2562; baseline -0.004 -19"><span class='ocrx_word' id='word_1_170' title='bbox 62 2482 193 2562; x_wconf 75' lang='lat' dir='ltr'><strong>partem</strong></span> <span class='ocrx_word' id='word_1_171' title='bbox 207 2476 402 2551; x_wconf 79' lang='lat' dir='ltr'><strong>sustinente,</strong></span> <span class='ocrx_word' id='word_1_172' title='bbox 418 2481 540 2537; x_wconf 88' lang='lat' dir='ltr'><strong>norunt</strong></span> <span class='ocrx_word' id='word_1_173' title='bbox 553 2491 679 2536; x_wconf 86' lang='lat' dir='ltr'><strong>omnes.</strong></span> <span class='ocrx_word' id='word_1_174' title='bbox 725 2471 982 2553; x_wconf 85' lang='lat' dir='ltr'><strong>Quemcumque</strong></span> <span class='ocrx_word' id='word_1_175' title='bbox 992 2479 1164 2539; x_wconf 81' lang='lat' dir='ltr'><strong>aucturam</strong></span> 
     </span>
     <span class='ocr_line' id='line_1_23' title="bbox 63 2573 1164 2657; baseline -0.005 -13"><span class='ocrx_word' id='word_1_176' title='bbox 63 2579 187 2656; x_wconf 83' lang='lat' dir='ltr'><strong>ederet,</strong></span> <span class='ocrx_word' id='word_1_177' title='bbox 198 2575 296 2642; x_wconf 87' lang='lat' dir='ltr'><strong>codd.</strong></span> <span class='ocrx_word' id='word_1_178' title='bbox 304 2574 536 2643; x_wconf 81' lang='lat' dir='ltr'><strong>auctoritatem</strong></span> <span class='ocrx_word' id='word_1_179' title='bbox 549 2593 641 2657; x_wconf 82' lang='lat' dir='ltr'><strong>saepe</strong></span> <span class='ocrx_word' id='word_1_180' title='bbox 651 2592 719 2638; x_wconf 89' lang='lat' dir='ltr'><strong>non</strong></span> <span class='ocrx_word' id='word_1_181' title='bbox 732 2574 855 2655; x_wconf 84' lang='lat' dir='ltr'><strong>magni,</strong></span> <span class='ocrx_word' id='word_1_182' title='bbox 866 2574 966 2636; x_wconf 88' lang='lat' dir='ltr'><strong>immo</strong></span> <span class='ocrx_word' id='word_1_183' title='bbox 976 2573 1164 2652; x_wconf 84' lang='lat' dir='ltr'><strong>non&#39;llocci,</strong></span> 
     </span>
     <span class='ocr_line' id='line_1_24' title="bbox 64 2672 1164 2760; baseline -0.005 -14"><span class='ocrx_word' id='word_1_184' title='bbox 64 2674 405 2760; x_wconf 77' lang='lat' dir='ltr'><strong>aestimnbattquippe</strong></span> <span class='ocrx_word' id='word_1_185' title='bbox 413 2676 465 2738; x_wconf 84' lang='lat' dir='ltr'><strong>vir</strong></span> <span class='ocrx_word' id='word_1_186' title='bbox 476 2673 537 2736; x_wconf 86' lang='lat' dir='ltr'><strong>suit</strong></span> <span class='ocrx_word' id='word_1_187' title='bbox 547 2693 668 2756; x_wconf 83' lang='lat' dir='ltr'><strong>magno</strong></span> <span class='ocrx_word' id='word_1_188' title='bbox 678 2675 802 2755; x_wconf 88' lang='lat' dir='ltr'><strong>ingenii</strong></span> <span class='ocrx_word' id='word_1_189' title='bbox 813 2674 979 2748; x_wconf 86' lang='lat' dir='ltr'><strong>acumine,</strong></span> <span class='ocrx_word' id='word_1_190' title='bbox 991 2674 1025 2736; x_wconf 90' lang='lat' dir='ltr'><strong>iu</strong></span> <span class='ocrx_word' id='word_1_191' title='bbox 1033 2672 1164 2740; x_wconf 86' lang='lat' dir='ltr'><strong>Graeeis</strong></span> 
     </span>
     <span class='ocr_line' id='line_1_25' title="bbox 63 2775 1164 2862; baseline -0.004 -17"><span class='ocrx_word' id='word_1_192' title='bbox 63 2801 106 2845; x_wconf 88' lang='lat' dir='ltr'><strong>ac</strong></span> <span class='ocrx_word' id='word_1_193' title='bbox 122 2777 254 2843; x_wconf 89' lang='lat' dir='ltr'><strong>Latinis</strong></span> <span class='ocrx_word' id='word_1_194' title='bbox 268 2776 489 2862; x_wconf 84' lang='lat' dir='ltr'><strong>scriptoribus</strong></span> <span class='ocrx_word' id='word_1_195' title='bbox 512 2775 724 2858; x_wconf 85' lang='lat' dir='ltr'><strong>perlegendis</strong></span> <span class='ocrx_word' id='word_1_196' title='bbox 740 2776 892 2858; x_wconf 86' lang='lat' dir='ltr'><strong>apprime</strong></span> <span class='ocrx_word' id='word_1_197' title='bbox 910 2779 1078 2854; x_wconf 82' lang='lat' dir='ltr'><strong>versatus,</strong></span> <span class='ocrx_word' id='word_1_198' title='bbox 1089 2775 1164 2854; x_wconf 86' lang='lat' dir='ltr'><strong>sed,</strong></span> 
     </span>
     <span class='ocr_line' id='line_1_26' title="bbox 63 2877 1163 2965; baseline -0.002 -19"><span class='ocrx_word' id='word_1_199' title='bbox 63 2877 246 2965; x_wconf 74' lang='lat' dir='ltr'><strong>conjectura</strong></span> <span class='ocrx_word' id='word_1_200' title='bbox 258 2879 329 2943; x_wconf 88' lang='lat' dir='ltr'><strong>suis</strong></span> <span class='ocrx_word' id='word_1_201' title='bbox 355 2879 491 2942; x_wconf 91' lang='lat' dir='ltr'><strong>nimium</strong></span> <span class='ocrx_word' id='word_1_202' title='bbox 511 2877 627 2955; x_wconf 82' lang='lat' dir='ltr'><strong>fretus,</strong></span> <span class='ocrx_word' id='word_1_203' title='bbox 651 2897 744 2961; x_wconf 88' lang='lat' dir='ltr'><strong>saepe</strong></span> <span class='ocrx_word' id='word_1_204' title='bbox 768 2878 960 2943; x_wconf 86' lang='lat' dir='ltr'><strong>temerarius</strong></span> <span class='ocrx_word' id='word_1_205' title='bbox 981 2887 1017 2942; x_wconf 89' lang='lat' dir='ltr'><strong>ct</strong></span> <span class='ocrx_word' id='word_1_206' title='bbox 1034 2877 1163 2944; x_wconf 71' lang='lat' dir='ltr'><strong>audax.</strong></span> 
     </span>
     <span class='ocr_line' id='line_1_27' title="bbox 55 2979 1163 3063; baseline -0.005 -15"><span class='ocrx_word' id='word_1_207' title='bbox 55 2983 132 3048; x_wconf 63' lang='lat' dir='ltr'><strong>&gt;Sed</strong></span> <span class='ocrx_word' id='word_1_208' title='bbox 157 2982 232 3046; x_wconf 85' lang='lat' dir='ltr'><strong>haec</strong></span> <span class='ocrx_word' id='word_1_209' title='bbox 254 2979 352 3063; x_wconf 85' lang='lat' dir='ltr'><strong>quasi</strong></span> <span class='ocrx_word' id='word_1_210' title='bbox 373 3000 434 3063; x_wconf 88' lang='lat' dir='ltr'><strong>per</strong></span> <span class='ocrx_word' id='word_1_211' title='bbox 453 2985 683 3057; x_wconf 65' lang='lat' dir='ltr'><strong>transennam</strong></span> <span class='ocrx_word' id='word_1_212' title='bbox 715 2997 757 3041; x_wconf 88' lang='lat' dir='ltr'><strong>ne</strong></span> <span class='ocrx_word' id='word_1_213' title='bbox 782 2979 902 3042; x_wconf 78' lang='lat' dir='ltr'><strong>limites</strong></span> <span class='ocrx_word' id='word_1_214' title='bbox 925 2985 1055 3042; x_wconf 87' lang='lat' dir='ltr'><strong>nostros</strong></span> <span class='ocrx_word' id='word_1_215' title='bbox 1077 2985 1163 3044; x_wconf 85' lang='lat' dir='ltr'><strong>tran-</strong></span> 
     </span>
     <span class='ocr_line' id='line_1_28' title="bbox 63 3077 1050 3163; baseline -0.011 -12"><span class='ocrx_word' id='word_1_216' title='bbox 63 3086 278 3163; x_wconf 81' lang='lat' dir='ltr'><strong>siliamus‚·et</strong></span> <span class='ocrx_word' id='word_1_217' title='bbox 294 3082 381 3146; x_wconf 88' lang='lat' dir='ltr'><strong>velle</strong></span> <span class='ocrx_word' id='word_1_218' title='bbox 398 3101 476 3146; x_wconf 89' lang='lat' dir='ltr'><strong>cum</strong></span> <span class='ocrx_word' id='word_1_219' title='bbox 491 3079 604 3144; x_wconf 87' lang='lat' dir='ltr'><strong>Marta</strong></span> <span class='ocrx_word' id='word_1_220' title='bbox 619 3080 779 3143; x_wconf 84' lang='lat' dir='ltr'><strong>dimicare</strong></span> <span class='ocrx_word' id='word_1_221' title='bbox 792 3077 976 3143; x_wconf 87' lang='lat' dir='ltr'><strong>videamur.</strong></span> <span class='ocrx_word' id='word_1_222' title='bbox 1046 3110 1050 3117; x_wconf 96' lang='lat'>-</span> 
     </span>
    </p>
   </div>
   <div class='ocr_carea' id='block_1_3' title="bbox 498 3331 767 3347">
    <p class='ocr_par' dir='ltr' id='par_1_5' title="bbox 498 3331 767 3347">
     <span class='ocr_line' id='line_1_29' title="bbox 498 3331 767 3347; baseline -0.011 -1"><span class='ocrx_word' id='word_1_223' title='bbox 498 3331 767 3347; x_wconf 50' lang='grc' dir='ltr'><em>ω</em></span> 
     </span>
    </p>
   </div>
   <div class='ocr_carea' id='block_1_4' title="bbox 55 3484 1163 3779">
    <p class='ocr_par' dir='ltr' id='par_1_6' title="bbox 55 3484 1163 3779">
     <span class='ocr_line' id='line_1_30' title="bbox 107 3484 1162 3572; baseline -0.006 -15"><span class='ocrx_word' id='word_1_224' title='bbox 107 3491 282 3557; x_wconf 85' lang='lat' dir='ltr'><strong>Editicnes</strong></span> <span class='ocrx_word' id='word_1_225' title='bbox 306 3494 482 3571; x_wconf 84' lang='lat' dir='ltr'><strong>sequentes</strong></span> <span class='ocrx_word' id='word_1_226' title='bbox 526 3489 697 3554; x_wconf 75' lang='lat' dir='ltr'><strong>Recemm</strong></span> <span class='ocrx_word' id='word_1_227' title='bbox 732 3486 919 3572; x_wconf 87' lang='lat' dir='ltr'><strong>Bipontino</strong></span> <span class='ocrx_word' id='word_1_228' title='bbox 948 3484 1053 3569; x_wconf 87' lang='lat' dir='ltr'><strong>adjici</strong></span> <span class='ocrx_word' id='word_1_229' title='bbox 1083 3505 1162 3569; x_wconf 90' lang='lat' dir='ltr'><strong>pos·</strong></span> 
     </span>
     <span class='ocr_line' id='line_1_31' title="bbox 55 3602 1163 3779; baseline -0.006 -19"><span class='ocrx_word' id='word_1_230' title='bbox 55 3602 244 3761; x_wconf 42' lang='lat' dir='ltr'><strong>vmlgliaedri</strong></span> <span class='ocrx_word' id='word_1_231' title='bbox 271 3694 379 3760; x_wconf 86' lang='lat' dir='ltr'><strong>Fabb.</strong></span> <span class='ocrx_word' id='word_1_232' title='bbox 393 3699 454 3761; x_wconf 80' lang='lat' dir='ltr'><strong>tm.</strong></span> <span class='ocrx_word' id='word_1_233' title='bbox 479 3695 622 3779; x_wconf 86' lang='lat' dir='ltr'><strong>repetita</strong></span> <span class='ocrx_word' id='word_1_234' title='bbox 636 3692 728 3758; x_wconf 76' lang='lat' dir='ltr'><strong>adit</strong></span> <span class='ocrx_word' id='word_1_235' title='bbox 744 3688 958 3756; x_wconf 86' lang='lat' dir='ltr'><strong>celeberrima</strong></span> <span class='ocrx_word' id='word_1_236' title='bbox 981 3687 1163 3754; x_wconf 88' lang='lat' dir='ltr'><strong>Burmanni</strong></span> 
     </span>
    </p>
   </div>
   <div class='ocr_carea' id='block_1_5' title="bbox 62 3799 1163 3981">
    <p class='ocr_par' dir='ltr' id='par_1_7' title="bbox 62 3799 1163 3981">
     <span class='ocr_line' id='line_1_32' title="bbox 62 3799 1163 3981; baseline -0.01 -14"><span class='ocrx_word' id='word_1_237' title='bbox 62 3799 377 3968; x_wconf 52' lang='lat' dir='ltr'><strong>hpPsligrigol‘abb.</strong></span> <span class='ocrx_word' id='word_1_238' title='bbox 402 3899 546 3981; x_wconf 85' lang='lat' dir='ltr'><strong>repetita</strong></span> <span class='ocrx_word' id='word_1_239' title='bbox 574 3896 665 3962; x_wconf 87' lang='lat' dir='ltr'><strong>Edit.</strong></span> <span class='ocrx_word' id='word_1_240' title='bbox 690 3896 799 3960; x_wconf 88' lang='lat' dir='ltr'><strong>Paris.</strong></span> <span class='ocrx_word' id='word_1_241' title='bbox 821 3883 918 3959; x_wconf 82' lang='grc'><strong>1797.</strong></span> <span class='ocrx_word' id='word_1_242' title='bbox 947 3891 1055 3957; x_wconf 75' lang='lat' dir='ltr'><strong>l2mo.</strong></span> <span class='ocrx_word' id='word_1_243' title='bbox 1070 3892 1163 3977; x_wconf 87' lang='lat' dir='ltr'><strong>apud</strong></span> 
     </span>
    </p>
   </div>
   <div class='ocr_carea' id='block_1_6' title="bbox 58 4003 1161 4186">
    <p class='ocr_par' dir='ltr' id='par_1_8' title="bbox 58 4003 1161 4186">
     <span class='ocr_line' id='line_1_33' title="bbox 58 4003 1161 4186; baseline -0.009 -16"><span class='ocrx_word' id='word_1_244' title='bbox 58 4003 240 4172; x_wconf 40' lang='lat' dir='ltr'><strong>¹Dill&#39;liietlri</strong></span> <span class='ocrx_word' id='word_1_245' title='bbox 266 4106 372 4171; x_wconf 86' lang='lat' dir='ltr'><strong>Fabb.</strong></span> <span class='ocrx_word' id='word_1_246' title='bbox 397 4101 509 4167; x_wconf 87' lang='lat' dir='ltr'><strong>Publii</strong></span> <span class='ocrx_word' id='word_1_247' title='bbox 533 4101 609 4186; x_wconf 87' lang='lat' dir='ltr'><strong>Syri</strong></span> <span class='ocrx_word' id='word_1_248' title='bbox 635 4102 844 4185; x_wconf 85' lang='lat' dir='ltr'><strong>aliorumque</strong></span> <span class='ocrx_word' id='word_1_249' title='bbox 859 4104 1007 4165; x_wconf 84' lang='lat' dir='ltr'><strong>veterum</strong></span> <span class='ocrx_word' id='word_1_250' title='bbox 1023 4097 1161 4164; x_wconf 84' lang='lat' dir='ltr'><strong>Senten-</strong></span> 
     </span>
    </p>
   </div>
   <div class='ocr_carea' id='block_1_7' title="bbox 0 0 1362 4696">
    <p class='ocr_par' dir='ltr' id='par_1_9' title="bbox 0 0 1362 4696">
     <span class='ocr_line' id='line_1_34' title="bbox 0 0 1362 4696; baseline 0 1"><span class='ocrx_word' id='word_1_251' title='bbox 0 0 1362 4696; x_wconf 95' lang='lat' dir='ltr'><strong> </strong></span> 
     </span>
    </p>
   </div>
  </div>
 </body>
</html>
